Product Id	Type	Description	Unit	Vendor	Location	Reference	Compatibility	Category	Comission Percent	Commission Flat	Stock	Reserved	Ordered	Minimum Stock	Last Price	Cost Markup	Cost	Retail Price	Retail Date	Wholesale Price	Whole Date	Cost Date	Init Stock	Stock Date	Last Invoice	Last Order	Total Sales	Init Date	Gross	Total Sold	Remarks 1	Remarks 2	Remarks 3	Remarks 4	Remarks 5	Remarks 6
235LTMICHELIN	235/85R16	MICHELIN 235/85R16 LTX M/S2 10		ITCO		27679			0.00	0.00	0	0	0	0	187.87	13.00	212.29	220.00	04/01/2013	210.00	04/01/2013	09/15/2014	0	01/29/2015	454507	10102	1610.00	01/01/0001	-1467.56	18.00						
AGATE11	875-16.5	FIRESTONE 875R16.5 TRANS 10PR		UNIVERSAL		L2082L	NEW TIRES		0.00	0.00	0	0	0	0	209.28	13.00	236.49	175.00	10/29/2014	165.00	10/29/2014	08/20/2014	1	01/17/2015	458132	11435	14565.00	01/01/0001	2886.42	54.00						
AGATE315	315/80R22.5	AGATE 315/80R22.5 20PLY HF660		TIREMAST			NEW TIRES		0.00	0.00	3	0	0	0	282.36	13.00	319.06	340.00	01/28/2013	320.00	01/28/2013	01/08/2015	3	01/23/2015	439824	10761	10000.00	01/01/0001	1529.20	30.00						
AIRPORTFEE	AIRPORT FEE	AIRPORT FEE 7%					TUBES		0.00	0.00	0	0	0	0	1.00	13.00	1.13	1.00		1.00		02/22/2010	0	02/22/2010	458926	0	46154.28	01/01/0001	42786.28	3368.00						
AIRPORTFEE1	AIRPORT FEE	SERVICE HOUR					MOUNTS		0.00	0.00	0	0	0	0	1.00	13.00	1.13	1.00		1.00		03/09/2011	0	03/09/2011	408344	0	551.55	01/01/0001	543.55	8.00						
ALIGN01	ALIGNMENT	ALIGNMENT INSPECTION					ALIGNMENT		0.00	0.00	0	1	0	0	10.00	13.00	11.30	25.00		25.00			0		458900	0	35695.50	05/13/2007	23195.50	1250.00						
ALIGN02	ALIGNMENT	FRONT END ALIGNMENT					ALIGNMENT		0.00	0.00	0	-2	0	0	45.00	13.00	50.85	100.00		100.00			0	06/02/2007	458932	0	672892.20	05/13/2007	366847.20	6803.00						
ALIGN03	ALIGNMENT	2 AXLE ALIGNMENT					ALIGNMENT		0.00	0.00	0	-1	0	0	90.00	13.00	101.70	180.00		180.00			0		447318	0	33286.77	05/13/2007	17806.77	172.00						
ALIGN04	ALIGNMENT	TOTAL ALIGNMENT					ALIGNMENT		0.00	0.00	0	0	0	0	135.00	13.00	152.55	280.00	10/22/2008	280.00	10/22/2008		0		458609	0	233851.00	05/13/2007	103981.00	963.00						
ALTURA12	SOLDOUT	ALTURA 1200-24 E-3 20PR ROCK		TGI			NEW TIRES		0.00	0.00	0	0	0	0	684.95	13.00	773.99	850.00	10/17/2011	790.00	10/17/2011	12/16/2013	0	04/10/2014	433840	11003	1700.00	01/01/0001	330.10	2.00						
ALTURA18	SOLDOUT	ALTURA 1800-25 L5S 40PR		TYRES			NEW TIRES		0.00	0.00	4	0	44	0	2374.00	13.00	2682.62	3175.00	03/27/2014	2875.00	03/27/2014	04/15/2014	0	10/21/2014	451885	11789	450200.00	01/01/0001	65626.00	161.00						
ALTURA23	23.1-26	CEAT 23.1-26 R-3 16P TBLS		TYRES			NEW TIRES		0.00	0.00	4	0	4	0	738.17	13.00	834.13	1000.00	06/02/2011	900.00	06/02/2011	04/03/2013	4	11/09/2014	424796	11789	9535.00	01/01/0001	2119.07	10.00						
ANALYSIS	ANALYSIS	ANAYLSIS OF TIRE					MOUNTS		0.00	0.00	0	0	0	0	10.00	13.00	11.30	15.00	04/04/2011	15.00	04/04/2011	02/13/2013	0	02/13/2013	0	0	0.00	01/01/0001	0.00	0.00						
ANNAITE05	11R24.5	ANNAITE 11R24.5 660 LUG 16PR		CHINESE			NEW TIRES		0.00	0.00	0	0	0	0	214.28	13.00	242.13	270.00	09/24/2014	250.00	09/24/2014	01/08/2015	0	01/21/2015	457598	12080	21740.00	01/01/0001	4169.04	82.00						
ANNAITE295	295/75R22.5	ANNAITE 295/75R22.5 LUG660 16P		QFLUENT			NEW TIRES		0.00	0.00	119	0	0	0	205.00	13.00	231.65	255.00	10/14/2010	235.00	10/14/2010	11/21/2014	123	02/24/2015	458890	12337	8590.00	01/01/0001	1210.00	36.00						
ANNAITE385	385/65R22.5	ANNAITE 385/65R22.5 397 20PR		RUSO		700131	NEW TIRES		0.00	0.00	1	0	0	0	317.70	13.00	359.00	360.00	05/02/2014	380.00	10/14/2010	02/05/2015	2	02/11/2015	458564	12606	710.00	01/01/0001	74.60	2.00						
ANNAITE660	11R22.5	ANNAITE 11R22.5 660 TRACC 16P		QFLUENT			NEW TIRES		0.00	0.00	456	0	0	0	206.09	13.00	232.88	260.00	04/23/2014	235.00	11/21/2014	02/11/2015	533	02/09/2015	458880	12337	91456.00	01/01/0001	15046.29	369.00						
ANNAITE785	11R22.5	ANNAITE 11R22.5 785 A/P 16P		QVICTOR			NEW TIRES		0.00	0.00	46	0	0	0	159.00	13.00	179.67	240.00	01/06/2015	220.00	01/06/2015	02/11/2015	46	02/09/2015	457750	11890	64605.00	01/01/0001	15858.96	264.00						
ANNAITE786	11R22.5	ANNAITE 11R22.5 786 DC HWY 16P		QFLUENT			NEW TIRES		0.00	0.00	128	0	0	0	197.90	13.00	223.62	250.00	11/21/2014	230.00	11/21/2014	02/11/2015	152	02/09/2015	458611	12337	80745.00	01/01/0001	15522.40	338.00						
ANTYRE	SOLDOUT	ANTYRE 11R22.5 TB735 16P		CHINESE			NEW TIRES		0.00	0.00	0	0	0	0	253.16	13.00	286.07	325.00	10/18/2011	305.00	10/18/2011	09/13/2011	0	11/11/2013	384481	7182	15920.00	01/01/0001	1743.04	56.00						
ANTYRE11	11R22.5	ANTYRE 11R22.5 TB726 16P		FULLRUN			NEW TIRES		0.00	0.00	4	-2	0	0	229.56	13.00	259.40	255.00	11/26/2014	235.00	11/26/2014	02/11/2015	4	02/09/2015	450150	11293	277706.22	01/01/0001	37383.92	984.00						
ANTYRE111	SOLDOUT	ANTYRE 11R22.5 TRAC TB735 16PR		FULLRUN			NEW TIRES		0.00	0.00	0	0	0	0	239.74	13.00	270.91	280.00	11/08/2013	260.00	11/08/2013	08/09/2013	0	04/07/2014	439304	10429	339472.20	01/01/0001	63224.95	1142.00						
ANTYRE112	SOLDOUT	ANTYRE 11R22.5 TB788 14PR TRAL		FULLRUN			NEW TIRES		0.00	0.00	0	0	0	0	211.82	13.00	239.36	260.00	11/08/2013	240.00	11/08/2013	08/09/2013	0	04/07/2014	429569	10429	7700.00	01/01/0001	1345.40	30.00						
ANTYRE22.5	SOLDOUT	ANTYRE 295/75T22.5 TB735 16P		FULLRUN			NEW TIRES		0.00	0.00	0	0	0	0	243.78	13.00	275.47	285.00	10/11/2013	265.00	10/11/2013	06/09/2014	0	06/20/2014	436939	9871	113866.00	01/01/0001	11781.11	399.00						
ANTYRE225	SOLDOUT	ANTYRE 295/75R22.5 TB788 14PR		FULLRUN			NEW TIRES		0.00	0.00	0	0	0	0	205.84	13.00	232.60	265.00	08/12/2013	245.00	08/12/2013	08/09/2013	0	11/12/2013	429436	10429	8940.00	01/01/0001	1735.60	35.00						
ANTYRE295	SOLDOUT	ANTYRE 295/75R22.5 TB726 16P		FULLRUN			NEW TIRES		0.00	0.00	0	0	0	0	235.92	13.00	266.59	280.00	10/11/2013	260.00	10/11/2013	03/05/2013	0	11/12/2013	430083	9871	74170.00	01/01/0001	11186.16	257.00						
ANTYRE315	315/80R22.5	ANTYRE 315/80R22.5 TB762 18PR		FULLRUN			NEW TIRES		0.00	0.00	0	0	0	0	257.37	13.00	290.82	315.00	03/26/2014	295.00	03/26/2014	01/08/2015	12	01/23/2015	458861	11293	96498.00	01/01/0001	17381.70	294.00						
ANTYRE726	SOLDOUT	ANTYRE 11R24.5 TB726 16P		FULLRUN			NEW TIRES		0.00	0.00	0	0	0	0	255.00	13.00	288.15	295.00	11/08/2013	275.00	11/08/2013	03/05/2013	0	01/21/2014	433458	9871	44505.00	01/01/0001	6318.14	150.00						
ANTYRE735	SOLDOUT	ROADMASTER 11R24.5 LUG 14PR		FULLRUN			NEW TIRES		0.00	0.00	0	0	0	0	260.61	13.00	294.49	315.00	04/01/2013	295.00	04/01/2013	01/08/2015	0	01/17/2015	431396	9871	131201.00	01/01/0001	20841.05	422.00						
ANTYRE762	12R22.5	ANTYRE 12R22.5 TB762 HWY 18PR		FULLRUN			NEW TIRES		0.00	0.00	23	0	0	0	273.69	13.00	309.26	325.00	02/13/2013	305.00	02/13/2013	04/10/2013	40	01/17/2015	458413	10010	91672.00	01/01/0001	9402.15	289.00						
ANTYRE877	12R22.5	ANTYRE 12R22.5 TB875 TRAC 18P		FULLRUN			NEW TIRES		0.00	0.00	14	0	0	0	275.84	13.00	311.69	330.00	02/13/2013	310.00	02/13/2013	03/06/2014	30	01/17/2015	458413	11293	126301.96	01/01/0001	12355.11	407.00						
ANYTYRE28	SOLDOUT	ANYTYRE 285/75R24.5 HWY726 16P		TGI			NEW TIRES		0.00	0.00	0	0	0	0	245.18	13.00	277.05	315.00	08/08/2013	295.00	04/05/2013	11/07/2014	0	01/17/2015	431856	10730	16400.00	01/01/0001	1650.46	52.00						
ANYTYRE285	SOLDOUT	ANTYRE 285/75R24.5 TB735 16P		CHINESE			NEW TIRES		0.00	0.00	0	0	0	0	270.01	13.00	305.11	320.00	10/14/2010	300.00	10/14/2010	05/03/2012	0	11/11/2013	392939	7769	16440.00	01/01/0001	2022.42	54.00						
AST01	750-16	GALAXY 750-16 LUG 14PLY					NEW TIRES		0.00	0.00	1	0	0	0	1.00	13.00	1.13	150.00	12/07/2009	130.00	12/07/2009		1	01/17/2015	452351	0	435.00	05/13/2007	432.00	3.00						
ASTR05	18-19.5	ASTRO 18-19.5					NEW TIRES		0.00	0.00	2	0	0	0	469.00	13.00	529.97	600.00		530.00		06/27/2013	2	12/17/2014	0	0	0.00	05/13/2007	0.00	0.00						
AURORA225	225/45R17	AURORA 225/45R17					NEW TIRES		0.00	0.00	1	0	0	0	0.00	13.00	0.00	69.00	04/13/2012	69.00	04/13/2012	05/08/2012	1	01/17/2015	0	0	0.00	01/01/0001	0.00	0.00						
BALANCE	BALANCES	BALANCE TIRES					MOUNTS		0.00	0.00	0	2	0	0	10.00	13.00	11.30	25.00	04/04/2011	25.00	04/04/2011	01/23/2008	0		458934	0	518369.16	05/13/2007	317497.16	22661.00						
BALANCE03	BALANCES	EQUAL BAG BALANCE					NEW TIRES		0.00	0.00	0	0	0	0	7.00	13.00	7.91	15.00		10.00		03/12/2008	0	03/12/2008	458723	0	9076.00	01/01/0001	3259.00	831.00						
BALANCE15	BALANCES	TIRE BALANCE UP TO 20inch					NEW TIRES		0.00	0.00	0	0	0	0	7.50	13.00	8.47	15.00		15.00		10/29/2009	0	10/29/2009	458575	0	11207.00	01/01/0001	5454.50	767.00						
BALANCE8	BALANCES	TIRE BALANCE UP TO 17inch					MOUNTS		0.00	0.00	0	4	0	0	4.00	13.00	4.52	10.00	02/29/2012	10.00	02/29/2012	01/23/2008	0	05/14/2007	458827	0	91651.40	05/30/2007	55635.40	9918.00						
BFG11-144	11R22.5	BFG 11R22.5 TR144 LRG		MICHEL			NEW TIRES		0.00	0.00	12	0	0	0	333.29	13.00	376.61	400.00	01/30/2014	380.00	01/21/2013	02/11/2015	12	02/09/2015	456688	11768	23608.00	01/01/0001	3452.50	66.00						
BFG144	11R24.5	BFG 11R24.5 TR144 LRG		MICHEL					0.00	0.00	0	0	0	0	311.47	13.00	351.96	445.00	10/17/2011	410.00	01/21/2013	01/08/2015	0	01/21/2015	375231	4661	8600.00	01/01/0001	1837.68	24.00						
BFG265	265/75R16	BFG 265/75R16 COMM T/A 10PR		ITCO			NEW TIRES		0.00	0.00	14	0	0	0	149.88	13.00	169.36	185.00	02/26/2013	175.00	02/26/2013	12/10/2014	18	01/17/2015	457817	12403	5200.00	01/01/0001	588.94	28.00						
BFG275	275/80R22.5	BFG 275/80R22.5 ST244 LRG		MICHEL		61456	NEW TIRES		0.00	0.00	26	-3	72	0	373.23	13.00	421.74	445.00	04/04/2014	425.00	04/04/2014	02/20/2015	0	02/13/2015	458883	12668	1413156.53	01/01/0001	184993.39	3354.00	TRAILER					
BFG48	215/70R16	BFG 215/70R16 LONG TRAIL		MICHEL			NEW TIRES		0.00	0.00	4	0	0	0	107.49	13.00	121.46	155.00	10/17/2011	145.00	10/17/2011	12/04/2012	4	01/17/2015	386320	5607	3725.09	01/01/0001	-512.43	40.00						
BFGOOD02	11R24.5	BFG 11R24.5 ST244 14P		MICHEL		51477	NEW TIRES		0.00	0.00	7	-1	12	0	401.39	13.00	453.57	475.00	04/04/2014	455.00	04/04/2014	01/08/2015	20	01/21/2015	458337	12500	470493.76	05/13/2007	59091.85	1141.00	STEER					
BFGOOD04	11R22.5	BFG 11R22.5 ST244 14P		MICHEL		40525	NEW TIRES		0.00	0.00	17	-2	78	0	381.23	13.00	430.78	450.00	04/04/2014	430.00	04/04/2014	02/11/2015	47	02/09/2015	458923	12500	2106381.38	05/13/2007	263876.01	5416.00	086699405258					
BFGOOD06	215/85R16	BFG 215/85R16 10P COMM T/A A/S		ITCO		086699422057	NEW TIRES		0.00	0.00	37	7	61	0	141.52	13.00	159.91	166.00	10/10/2013	156.00	10/10/2013	02/06/2015	26	01/29/2015	458319	12612	333781.12	05/13/2007	44409.08	2384.00						
BFGOOD07	225/70R19.5	BFG 225/70R19.5 ST230 LRG		MICHEL		86699742087	NEW TIRES		0.00	0.00	16	-4	26	0	256.44	13.00	289.77	285.00	01/30/2014	265.00	01/30/2014	02/20/2015	0	02/19/2015	455078	12668	738038.00	05/13/2007	82821.14	3290.00						
BFGOOD09	245/70R19.5	BFG 245/70R19.5 ST230 LRG		MICHEL		086699896889	NEW TIRES		0.00	0.00	10	-2	0	0	269.83	13.00	304.90	330.00	01/30/2014	310.00	01/30/2014	02/20/2015	4	01/17/2015	456934	12668	145759.66	05/13/2007	20351.00	504.00						
BFGOOD10	275/80R24.5	BFG 275/80R24.5 ST244 14PR		MICHEL		77897	NEW TIRES		0.00	0.00	0	-4	30	0	393.54	13.00	444.70	465.00	07/17/2014	445.00	07/17/2014	06/27/2014	-4	01/17/2015	446978	11721	1116527.79	05/13/2007	142473.94	2799.00	STEER					
BFGOOD14	10R22.5	BFG 10R22.5 ST230 14P		MICHEL			NEW TIRES		0.00	0.00	0	-2	0	0	320.07	13.00	361.67	380.00	01/30/2014	360.00	01/30/2014	09/29/2014	0	01/17/2015	442160	11068	130393.00	05/13/2007	26500.33	399.00						
BFGOOD20	275/80R22.5	BFG 275/80R22.5 TR144 14P		MICHEL		39833	NEW TIRES		0.00	0.00	20	0	16	0	330.24	13.00	373.17	395.00	07/15/2013	360.00	07/12/2013	04/04/2013	20	02/13/2015	456662	9987	417242.00	05/13/2007	43137.65	1186.00	TRAILER					
BFGOOD21	425/65R22.5	BFG 425/65R22.5 ST565 20PR		MICHEL		086699490391	NEW TIRES		0.00	0.00	6	0	7	0	643.73	13.00	727.41	810.00	07/15/2013	760.00	01/21/2013	01/08/2015	8	01/17/2015	458041	12500	119336.68	05/13/2007	15387.09	170.00						
BFGOOD22	385/65R22.5	BFG 385/65R22.5 ST565 18PR		MICHEL		086699648730	NEW TIRES		0.00	0.00	8	0	3	0	554.14	13.00	626.17	760.00	07/15/2013	710.00	10/17/2011	01/08/2015	8	02/11/2015	453536	12500	119486.40	05/13/2007	15273.52	194.00						
BFGOOD23	275/80R24.5	BFG 275/80R24.5 TR144 LRG		MICHEL		27373	NEW TIRES		0.00	0.00	2	-2	0	0	346.34	13.00	391.36	430.00	10/17/2011	395.00	01/21/2013	03/07/2014	2	01/17/2015	446977	11298	97635.00	05/13/2007	12080.14	277.00	TRAILER					
BFGOOD230	275/80R24.5	BFG 275/80R24.5 ST230 14P		MICHEL		71892	NEW TIRES		0.00	0.00	0	0	0	0	383.46	13.00	433.31	475.00	07/15/2013	440.00	01/21/2013	07/18/2013	0	01/17/2015	431443	10346	26700.00	01/01/0001	4002.82	58.00						
BFGOOD245	245/70R17	BFG 245/70R17 TL COMM		ITCO			NEW TIRES		0.00	0.00	10	-4	5	0	146.96	13.00	166.06	199.00	10/10/2013	187.00	10/10/2013	12/10/2014	12	01/17/2015	457160	12403	9222.96	01/01/0001	565.23	56.00						
BFGOOD25	12R22.5	BFG 12R22.5 ST230 16P		MICHEL			NEW TIRES		0.00	0.00	5	0	8	0	487.71	13.00	551.11	600.00	10/17/2011	570.00	10/17/2011	09/12/2013	5	01/17/2015	453249	10599	66294.00	05/13/2007	5745.44	156.00						
BFGOOD265	265/70R17	BFG 265/70R17 COMM ALL SEASON		ITCO			NEW TIRES		0.00	0.00	7	0	4	0	178.86	13.00	202.11	230.00	02/26/2013	220.00	02/26/2013	02/24/2015	2	01/17/2015	458796	12682	23398.00	01/01/0001	2469.48	118.00						
BFGOOD28	315/80R22.5	BFG 315/80R22.5 ST230 20PR		MICHEL		086699554581	NEW TIRES		0.00	0.00	0	0	8	0	572.77	13.00	647.23	700.00	07/15/2013	650.00	01/21/2013	01/08/2015	0	01/23/2015	444525	11691	292039.86	05/13/2007	11430.57	578.00						
BFGOOD29	11R24.5	BFG 11R24.5 ST230 16PR		MICHEL		79184	NEW TIRES		0.00	0.00	3	0	0	0	402.17	13.00	454.45	475.00	04/04/2014	455.00	04/04/2014	01/08/2015	3	01/21/2015	452067	11323	70931.64	05/13/2007	9194.35	183.00	ALL POSITION					
BFGOOD30	11R22.5	BFG 11R22.5  ST230  16PLY		MICHEL		68045	NEW TIRES		0.00	0.00	6	0	8	0	378.02	13.00	427.16	455.00	01/30/2014	430.00	04/04/2014	02/11/2015	6	02/09/2015	454183	12412	329382.84	05/13/2007	33673.78	915.00	086699680457					
BFGOOD32	255/70R22.5	BFG 255/70R22.5 ST230 16P		MICHEL		086699959713	NEW TIRES		0.00	0.00	1	0	29	0	326.99	13.00	369.49	375.00	04/07/2014	355.00	04/07/2014	01/08/2015	1	02/26/2015	458689	12500	315653.00	05/13/2007	49617.30	906.00						
BFGOOD36	225/75R16	BFG 225/75R16 10P COMM T/A A/S		ITCO		086699520531	NEW TIRES		0.00	0.00	69	0	113	0	164.91	13.00	186.35	175.00	02/20/2015	165.00	02/20/2015	09/15/2014	72	01/29/2015	457995	10692	343512.55	05/13/2007	18574.10	2253.00						
BFGOOD37	235/85R16	BFG 235/85R16 10P COMM T/A		ITCO		086699458797	NEW TIRES		0.00	0.00	54	-2	23	0	145.76	13.00	164.70	171.00	10/10/2013	161.00	10/10/2013	12/11/2014	56	01/29/2015	458201	12413	201581.31	05/13/2007	26244.07	1416.00						
BFGOOD38	245/75R16	BFG 245/75R16 10P ALL SEASON		ITCO		086699895899	NEW TIRES		0.00	0.00	8	-2	88	0	148.69	13.00	168.01	183.00	10/10/2013	173.00	10/10/2013	12/10/2014	14	01/29/2015	458623	12403	209958.87	05/13/2007	425.93	1606.00						
BFGOOD41	275/80R24.5	BFG 275/80R24.5 DR444 14P		MICHEL		55617	NEW TIRES		0.00	0.00	0	0	34	0	411.37	13.00	464.84	485.00	04/07/2014	465.00	04/07/2014	07/25/2014	0	01/17/2015	455388	11809	704990.84	05/13/2007	81155.68	1762.00	DRIVE					
BFGOOD42	11R24.5	BFG 11R24.5 DR444 14P		MICHEL		52321	NEW TIRES		0.00	0.00	3	3	16	0	410.19	13.00	463.51	485.00	04/04/2014	465.00	04/04/2014	01/08/2015	21	01/21/2015	458620	12485	333511.88	05/13/2007	41509.54	814.00	DRIVE					
BFGOOD43	11R22.5	BFG 11R22.5 DR444 14P		MICHEL		77081	NEW TIRES		0.00	0.00	9	-6	58	0	390.03	13.00	440.73	470.00	04/04/2014	450.00	04/04/2014	02/13/2015	13	02/09/2015	458716	12638	937186.93	05/13/2007	104306.73	2439.00	DRIVE					
BFGOOD44	275/80R22.5	BFG 275/80R22.5 DR444 LRG		MICHEL		90375	NEW TIRES		0.00	0.00	10	-8	36	0	382.03	13.00	431.69	470.00	04/04/2014	450.00	07/17/2014	12/19/2014	34	02/13/2015	458396	12450	1064066.00	05/13/2007	127022.98	2768.00	DRIVE					
BFGOOD445	445/65R22.5	BFG 445/65R22.5 ST565		MICHEL		42131	NEW TIRES		0.00	0.00	3	0	0	0	682.79	13.00	771.55	880.00	07/15/2013	830.00	10/17/2011	09/17/2014	3	02/16/2015	442766	12042	4070.00	01/01/0001	265.80	5.00						
BFGOOD454	275/80R22.5	BFG 275/80R22.5 DR454 LRG		MICHEL		6374011441	NEW TIRES		0.00	0.00	9	0	0	0	405.23	13.00	457.91	485.00	04/07/2014	460.00	07/31/2014	07/17/2014	9	02/13/2015	455459	11782	3335.00	01/01/0001	498.39	7.00	DRIVE					
BFGOOD52	275/80R22.5	BFG 275/80R22.5 ST230 LRG		MICHEL			NEW TIRES		0.00	0.00	0	0	0	0	352.36	13.00	398.16	440.00	10/17/2011	405.00	01/21/2013	06/13/2014	0	02/13/2015	454888	11662	181991.00	01/01/0001	21163.90	528.00						
BFGOOD55	SOLDOUT	BFG 11R22.5 DR444 LRH		MICHEL		98035			0.00	0.00	0	0	0	0	418.52	13.00	472.93	510.00	03/02/2012	470.00	01/21/2013	12/04/2012	0	01/21/2014	429637	8877	7840.00	01/01/0001	1143.68	16.00						
BFGOOD89	245/75R17	BFG 245/75R17 COMMERCIAL 10PR		ITCO		86693	NEW TIRES		0.00	0.00	8	-4	23	0	168.05	13.00	189.89	200.00	11/07/2014	190.00	11/07/2014	02/24/2015	6	01/29/2015	458788	12681	108729.00	01/01/0001	13801.09	654.00						
BKT	1200-20	BKT 1200-20 20PR FORKLIFT TRAX		TYRES		94007660/7-220	NEW TIRES		0.00	0.00	5	0	0	0	593.65	13.00	670.82	800.00	01/23/2014	700.00	01/23/2014	02/17/2015	5	02/26/2015	458415	12467	91600.00	01/01/0001	19680.54	127.00						
BKT03	33X15.50-16.5	BKT 33X15.50-16.5 HD 12PR		TYRES		7-156	NEW TIRES		0.00	0.00	2	0	0	0	238.53	13.00	269.53	295.00	04/18/2012	275.00	04/18/2012	12/29/2014	6	01/17/2015	456814	12467	54090.00	05/13/2007	11760.02	227.00						
BKT07	1400-25	BKT 1400-25 EM937  20PR		TYRES		7-330	NEW TIRES		0.00	0.00	0	0	0	0	730.44	13.00	825.39	1050.00	12/10/2012	950.00	12/10/2012	03/14/2014	2	01/17/2015	458794	11320	64395.00	05/13/2007	14386.30	69.00						
BKT08	1800-25	BKT 1800-25 PORT KING E4 40PR		TYRES			NEW TIRES		0.00	0.00	16	0	0	0	2151.03	13.00	2430.66	2430.00	02/27/2015	2430.00	02/27/2015	03/14/2014	20	02/04/2015	458882	11320	274670.00	05/13/2007	15573.06	129.00						
BKT10	2100-35	BKT 2100-35 ROCK E4  36PR		TYRES			NEW TIRES		0.00	0.00	1	0	0	0	2356.00	13.00	2662.28	3200.00		2850.00		05/03/2012	1	11/09/2014	420668	1751	21350.00	05/13/2007	2002.00	8.00						
BKT1115	11L15	BKT 11L15 IMPLEMENT 8PR		ITCO		94005864	NEW TIRES		0.00	0.00	2	0	0	0	72.71	13.00	82.16	100.00	06/06/2013	94.00	06/06/2013	01/23/2015	2	02/02/2015	456631	12587	178.00	01/01/0001	32.58	2.00						
BKT1200	SOLDOUT	BKT 1200-24 GRIP IND-3TT 24PR		UNIVERSAL			NEW TIRES		0.00	0.00	0	0	0	0	695.00	13.00	785.35	850.00	10/17/2011	790.00	10/17/2011	12/04/2012	0	04/10/2014	434897	9470	6800.00	01/01/0001	1240.00	8.00						
BKT1228	1200-20	BKT 1200-20 28PR FORKLIFT TRAX		TYRES		7-262	NEW TIRES		0.00	0.00	1	0	0	0	615.56	13.00	695.58	750.00	10/14/2010	700.00	10/14/2010	02/17/2015	1	02/26/2015	458415	12467	750.00	01/01/0001	134.44	1.00						
BKT14	300-15	BKT 300-15 LUG 20PR					NEW TIRES		0.00	0.00	0	0	0	0	158.00	13.00	178.54	350.00	03/04/2013	300.00	03/04/2013	07/23/2014	0	01/17/2015	457224	0	9480.00	05/13/2007	4266.00	33.00						
BKT15.5	31X15.50-15	BKT 31X15.50-15 SKID 10PR		TYRES		7-442	NEW TIRES		0.00	0.00	10	0	0	0	213.04	13.00	240.74	260.00	12/29/2014	245.00	12/29/2014	12/29/2014	12	01/17/2015	458188	12467	37270.00	01/01/0001	8478.74	140.00						
BKT16	31.5X13-16.5	BKT 31.5X13-16.5 SKID 10P		TYRES			NEW TIRES		0.00	0.00	45	0	0	0	187.89	13.00	212.32	190.00	07/18/2013	190.00	07/18/2013	04/18/2012	45	12/29/2014	451383	8320	36836.00	05/13/2007	10194.98	196.00						
BKT1833	SOLDOUT	BKT 1800-33 XL GRIP E3/L3		SOUTH		94015825	NEW TIRES		0.00	0.00	0	0	0	0	2250.00	13.00	2542.50	3150.00	03/16/2011	2700.00	03/16/2011	03/24/2014	-8	07/27/2014	445009	11357	0.00	01/01/0001	-18000.00	8.00						
BKT21	25X13.00-9	NANCO 25x13.00-9		DEALTIRE			NEW TIRES		0.00	0.00	0	0	0	0	167.00	13.00	188.71	80.00	03/04/2013	80.00	03/04/2013	09/28/2011	0	11/09/2014	422823	7275	41550.00	01/01/0001	10451.99	203.00						
BKT23	SOLDOUT	BKT 12-16.5 SKID POWER HD 14PR		TYRES		7-565	NEW TIRES		0.00	0.00	0	0	0	0	235.69	13.00	266.33	300.00	03/13/2013	280.00	03/13/2013	06/30/2014	0	08/19/2014	445206	9898	42530.00	01/01/0001	8165.30	208.00						
BKT242	1400-24	BKT 1400-24 TT 24PR EM937		TYRES		7-524	NEW TIRES		0.00	0.00	26	0	0	0	783.07	13.00	884.86	1075.00	10/14/2010	975.00	10/14/2010	09/05/2014	27	01/17/2015	458605	11320	33975.00	01/01/0001	6273.88	35.00						
BKT27	SOLDOUT	POWERKING 600-9 LUG 10PR		TREADWAYS		DS6125	NEW TIRES		0.00	0.00	0	0	0	0	43.11	13.00	48.71	75.00	03/04/2013	65.00	03/04/2013	07/23/2014	0	01/19/2015	445931	11542	1539.00	01/01/0001	509.56	23.00						
BKT31	SOLDOUT	FORERUNNER 15-19.5 14PR R4		CHINESE			NEW TIRES		0.00	0.00	0	0	0	0	236.00	13.00	266.68	360.00	05/17/2011	330.00	05/17/2011	07/12/2012	0	11/11/2013	423780	8739	25545.00	01/01/0001	6892.38	77.00						
BKT33	1800-25	BKT 1800-25 SMOOTH L5 40PR		TYRES			NEW TIRES		0.00	0.00	6	0	0	0	2946.21	13.00	3329.21	3575.00	01/08/2013	3375.00	01/08/2013	11/07/2013	6	02/04/2015	436421	10845	63950.00	01/01/0001	-20809.92	30.00						
BKT48	1600-25	BKT 1600x25 XL GRIP 28PR E3		TYRES			NEW TIRES		0.00	0.00	0	0	0	0	1366.14	13.00	1543.73	1675.00	03/27/2014	1575.00	03/27/2014	12/15/2014	2	09/21/2014	456886	11320	23850.00	01/01/0001	4059.52	16.00						
BKT49	1400-24	MRF 1400x24 E-3/L-3 24PR		TGI		MRC	NEW TIRES		0.00	0.00	2	0	0	0	800.00	13.00	904.00	1075.00	02/22/2012	975.00	02/22/2012	09/05/2014	2	01/17/2015	448523	10417	109810.00	01/01/0001	23475.36	110.00						
BKT525	SOLDOUT	BOTON 20.5R25 E-3		QINGDA			NEW TIRES		0.00	0.00	0	0	0	0	1320.10	13.00	1491.71	1700.00	02/27/2014	1700.00	02/27/2014	01/22/2014	0	11/09/2014	437890	9436	29446.00	01/01/0001	3967.72	18.00						
BKT526	SOLDOUT	BOTON 23.5R25 E-3		QINGDA			NEW TIRES		0.00	0.00	0	0	0	0	1840.58	13.00	2079.86	2150.00	07/16/2013	1950.00	07/16/2013	11/26/2014	0	11/09/2014	431078	9436	60280.00	01/01/0001	9645.22	26.00						
BKT527	20.5-25	BKT 20.5x25 L3 20PR		TYRES			NEW TIRES		0.00	0.00	1	0	0	0	1101.27	13.00	1244.43	1375.00	10/14/2010	1275.00	10/14/2010	11/26/2014	1	01/19/2015	445885	7874	9125.00	01/01/0001	1416.11	7.00						
BKT528	23.5-25	BKT 23.5x25 L3 20PR		TYRES			NEW TIRES		0.00	0.00	3	0	0	0	1499.09	13.00	1693.97	1850.00	10/14/2010	1700.00	10/14/2010	12/30/2014	3	11/09/2014	435419	7874	9100.00	01/01/0001	1604.55	5.00						
BKT74	SOLDOUT	BKT 1800-33 SM-54 36PR (L4S)		TYRES			NEW TIRES		0.00	0.00	1	0	0	0	3286.94	13.00	3714.24	4200.00	09/26/2012	3800.00	09/26/2012	11/07/2013	1	07/27/2014	445002	10845	6200.00	01/01/0001	-57368.22	23.00						
BKT78	17.5/65-20	BKT 17.5/65-20 R4 10PR					NEW TIRES		0.00	0.00	0	0	0	0	355.00	13.00	401.15	405.00	08/15/2014	405.00	08/15/2014	06/06/2011	2	06/26/2013	448194	0	800.00	01/01/0001	90.00	2.00						
BLUESTAR11	11-22.5	BLUESTAR 11-22.5 HWY 14P GX236		CMA		1092361255	NEW TIRES		0.00	0.00	54	0	0	0	149.64	13.00	169.09	190.00	04/29/2014	170.00	03/07/2011	04/29/2014	58	01/17/2015	458037	11474	7140.00	01/01/0001	1304.04	39.00						
BOTO23.5	23.5-25	LING LONG 23.5R25 L3-STAR		TIREMAST			NEW TIRES		0.00	0.00	1	0	0	0	1685.17	13.00	1904.24	2100.00	07/17/2014	1900.00	07/17/2014	11/26/2014	2	11/09/2014	453268	11189	31450.00	01/01/0001	5022.15	14.00						
BOTO245	245/70R19.5	DYNACARGO 245/70R19.5 16PR 201		TREADWAYS			NEW TIRES		0.00	0.00	39	0	0	0	132.31	13.00	149.51	175.00	12/04/2014	155.00	12/04/2014	11/07/2014	50	01/17/2015	458679	12282	19240.00	01/01/0001	4141.27	107.00						
BRAWLER14	23.5-25	BRAWLER 23.5-25 SOLID SMOOTH					NEW TIRES		0.00	0.00	4	0	0	0	6521.75	13.00	7369.57	8000.00	10/17/2011	7500.00	10/17/2011	01/19/2015	4	01/19/2015	0	0	0.00	01/01/0001	0.00	0.00						
BRAWLER29	29.5-25	BRAWLER 29.5-25 SM/RHIN T-5699		MAIN		20006605	NEW TIRES		0.00	0.00	0	0	0	0	11400.00	13.00	12882.00	20000.00	10/11/2013	20000.00	10/11/2013	12/29/2014	0	01/17/2015	458080	12470	43800.00	01/01/0001	-47400.00	8.00						
BRAWLER295	29.5X25	BRAWLER 29.5X25 OTR HPS5499		MAIN		20005499	NEW TIRES		0.00	0.00	4	0	0	0	11400.00	13.00	12882.00	20000.00	10/14/2010	20000.00	10/14/2010	11/07/2014	4	01/17/2015	0	12288	0.00	01/01/0001	0.00	0.00						
BRIDG12	9R17.5	BRIDGESTONE 9R17.5 HWY 14PR					NEW TIRES		0.00	0.00	1	0	0	0	150.00	13.00	169.50	180.00	04/11/2011	180.00	04/11/2011	03/04/2011	1	01/17/2015	0	0	0.00	01/01/0001	0.00	0.00						
BRIDGESTOE14	285/50R18	BRIDGESTONE 285/50R18 DUELER					NEW TIRES		0.00	0.00	2	0	0	0	236.00	13.00	266.68	200.00	03/21/2011	200.00	03/21/2011	09/29/2014	2	01/17/2015	0	0	0.00	01/01/0001	0.00	0.00						
BRIDGESTONE02	8.3-22	BRIDGE 8.3-22					NEW TIRES		0.00	0.00	2	0	0	0	1.00	13.00	1.13	150.00		140.00			2	01/17/2015	0	0	0.00	05/13/2007	0.00	0.00						
BRIDGESTONE11	255/70R18	BRIDGESTONE 255/70R18 DUELER					NEW TIRES		0.00	0.00	0	0	0	0	148.82	13.00	168.16	180.00	10/17/2011	180.00	10/17/2011	10/20/2011	0	02/26/2015	387100	0	720.00	01/01/0001	124.72	4.00						
CALL	CALL	SERVICE CALL					ROAD CALL		0.00	0.00	0	0	0	0	20.00	13.00	22.60	40.00		40.00		01/23/2008	0		458854	0	150427.82	05/13/2007	84197.82	3339.00						
CALL01	CALL	SERVICE CALL01					ROAD CALL		0.00	0.00	0	0	0	0	15.00	13.00	16.95	30.00		30.00		01/23/2008	0		458931	0	627956.58	05/13/2007	322391.58	20375.00						
CALL02	CALL	SERVICE CALL02					ROAD CALL		0.00	0.00	0	0	0	0	20.00	13.00	22.60	40.00		40.00		01/23/2008	0		458839	0	175424.00	05/13/2007	88784.00	4334.00						
CALL03	CALL	SERVICE CALL03					ROAD CALL		0.00	0.00	0	0	0	0	25.00	13.00	28.25	50.00		50.00		01/23/2008	0		458930	0	244434.45	05/13/2007	122459.45	4880.00						
CALL04	CALL	SERVICE CALL04					ROAD CALL		0.00	0.00	0	0	0	0	30.00	13.00	33.90	60.00		60.00		01/23/2008	0		458768	0	154250.14	05/13/2007	84380.14	2332.00						
CALL07	CALL	BOOM CALL					MOUNTS		0.00	0.00	0	0	0	0	30.00	13.00	33.90	50.00	10/18/2011	50.00	10/18/2011	05/18/2010	0	05/18/2010	458850	0	142644.79	01/01/0001	85944.79	1892.00						
CALL08	CALL	ROADSIDE SERVICE MIA AIRPORT					ROAD CALL		0.00	0.00	0	0	0	0	45.00	13.00	50.85	60.00		60.00		06/17/2009	0	06/17/2009	458926	0	220045.00	01/01/0001	54805.00	3672.00						
CALL10	CALL	SERVICE CALL BY THE MILE					ROAD CALL		0.00	0.00	0	0	0	0	0.50	13.00	0.56	1.35	04/09/2013	1.25		03/01/2012	0	03/01/2012	458561	0	33658.20	01/01/0001	21356.20	24604.00						
CAP01	11R22.5	11R22.5 HWY, CAP ONLY					RECAPS		0.00	0.00	0	0	0	0	79.00	13.00	89.27	130.00	01/31/2012	120.00	01/31/2012	02/11/2015	-797	02/09/2015	458866	0	502926.00	05/13/2007	126028.00	5709.00						
CAP02	11R22.5	11R22.5 TRAC, CAP ONLY					RECAPS		0.00	0.00	0	-4	0	0	79.00	13.00	89.27	130.00	01/31/2012	120.00	01/31/2012	02/11/2015	-1504	02/09/2015	458723	0	780634.25	05/13/2007	236554.25	7752.00						
CAP03	11R24.5	11R24.5 HWY, CAP ONLY					RECAPS		0.00	0.00	0	0	0	0	81.00	13.00	91.53	135.00	01/31/2012	125.00	01/31/2012	01/08/2015	-267	01/21/2015	453532	0	23861.00	05/13/2007	8247.00	254.00						
CAP04	11R24.5	11R24.5 TRAC, CAP ONLY					RECAPS		0.00	0.00	0	0	0	0	81.00	13.00	91.53	135.00	01/31/2012	125.00	01/31/2012	01/08/2015	-1024	01/21/2015	454252	0	105396.00	05/13/2007	36565.00	991.00						
CAP05	295/75R22.5	LP22.5 HWY, CAP ONLY					RECAPS		0.00	0.00	0	-4	0	0	79.00	13.00	89.27	130.00	01/31/2012	120.00	01/31/2012	11/07/2014	-1669	02/24/2015	458906	0	168085.00	05/13/2007	52908.00	1609.00						
CAP06	295/75R22.5	LP22.5 TRAC, CAP ONLY					RECAPS		0.00	0.00	0	-3	0	0	79.00	13.00	89.27	130.00	01/31/2012	120.00	01/31/2012	11/07/2014	-901	02/24/2015	458865	0	85492.00	05/13/2007	28992.00	808.00						
CAP07	285/75R24.5	LP24.5 HWY, CAP ONLY					RECAPS		0.00	0.00	0	0	0	0	1.00	13.00	1.13	130.00	01/31/2012	120.00	01/31/2012	11/07/2014	-367	01/17/2015	451111	0	34540.00	05/13/2007	34180.00	360.00						
CAP08	285/75R24.5	LP24.5 TRAC, CAP ONLY					RECAPS		0.00	0.00	0	0	0	0	1.00	13.00	1.13	130.00	01/31/2012	120.00	01/31/2012	11/07/2014	-311	01/17/2015	457749	0	28130.00	05/13/2007	27857.00	273.00						
CAP09	12R22.5	12R22.5 HWY, CAP ONLY					RECAPS		0.00	0.00	0	0	0	0	82.00	13.00	92.66	135.00	01/31/2012	125.00	01/31/2012	02/26/2013	-48	01/17/2015	403940	0	3896.00	05/13/2007	692.00	45.00						
CAP10	12R22.5	12R22.5 TRAC, CAP ONLY					RECAPS		0.00	0.00	0	0	0	0	82.00	13.00	92.66	135.00	01/31/2012	125.00	01/31/2012	02/26/2013	-791	01/17/2015	457565	0	71546.00	05/13/2007	25297.00	646.00						
CAP11	315/80R22.5	315/80R22.5 HWY, CAP ONLY					RECAPS		0.00	0.00	0	0	0	0	85.00	13.00	96.05	140.00	01/12/2012	130.00	01/12/2012	01/08/2015	-68	01/23/2015	458485	0	7368.00	05/13/2007	2256.00	72.00						
CAP12	315/80R22.5	315/80R22.5 TRAC,CAP ONLY					RECAPS		0.00	0.00	0	0	0	0	85.00	13.00	96.05	140.00	01/12/2012	130.00	01/12/2012	01/08/2015	-1166	01/23/2015	457889	0	144955.00	05/13/2007	48806.00	1145.00						
CAP13	385/65R22.5	385/65R22.5  CAP ONLY					RECAPS		0.00	0.00	0	0	0	0	1.00	13.00	1.13	190.00	01/31/2012	180.00	01/31/2012	07/31/2014	-12	02/11/2015	452231	0	1759.00	05/13/2007	1747.00	12.00						
CAP14	425/65R22.5	425/65R22.5  CAP ONLY					RECAPS		0.00	0.00	0	0	0	0	1.00	13.00	1.13	200.00	01/31/2012	190.00	01/31/2012	05/27/2014	-20	01/17/2015	349114	0	2832.00	05/13/2007	2812.00	20.00						
CAP15	445/65R22.5	445/65R22.5  CAP ONLY					RECAPS		0.00	0.00	0	0	0	0	1.00	13.00	1.13	164.00	03/30/2010	152.00	03/30/2010	05/27/2014	0	02/16/2015	0	0	0.00	05/13/2007	0.00	0.00						
CAP16	900-20	900-20 HWY, CAP ONLY					RECAPS		0.00	0.00	0	0	0	0	1.00	13.00	1.13	90.00	03/30/2010	81.00	03/30/2010	12/10/2013	-9	01/17/2015	367757	0	625.00	05/13/2007	617.00	8.00						
CAP169	225/70R19.5	225/70R19.5, CAP ONLY					RECAPS		0.00	0.00	0	0	0	0	80.00	13.00	90.40	98.00	09/28/2011	91.00	09/28/2011	12/30/2014	-68	02/19/2015	454414	0	5235.00	01/01/0001	1155.00	51.00						
CAP17	9R22.5	9R22.5 HWY, CAP ONLY					RECAPS		0.00	0.00	0	0	0	0	65.00	13.00	73.45	115.00	01/31/2012	110.00	01/31/2012	12/23/2010	-157	01/17/2015	454901	0	13237.00	05/13/2007	5795.00	146.00						
CAP18	10R22.5	10R22.5 HWY, CAP ONLY					RECAPS		0.00	0.00	0	0	0	0	75.00	13.00	84.75	115.00	09/13/2011	110.00	01/31/2012	09/29/2014	-908	01/17/2015	458308	0	82583.00	05/13/2007	29260.00	857.00						
CAP19	255/70R22.5	255/70R22.5  CAP ONLY					RECAPS		0.00	0.00	0	0	0	0	72.00	13.00	81.36	115.00	09/13/2011	110.00	01/31/2012	03/06/2014	-912	02/26/2015	458685	0	99317.00	05/13/2007	36421.00	913.00						
CAP20	1000-20	1000-20 HWY, CAP ONLY					RECAPS		0.00	0.00	0	-1	0	0	74.00	13.00	83.62	130.00	01/31/2012	120.00	01/31/2012	09/29/2014	-225	02/26/2015	420723	0	16965.00	05/13/2007	8929.00	225.00						
CAP21	1000R20	1000R20 HWY, CAP ONLY					RECAPS		0.00	0.00	0	0	0	0	73.00	13.00	82.49	125.00	09/13/2011	115.00	09/13/2011	09/29/2014	-9	02/26/2015	446680	0	713.00	05/13/2007	272.00	9.00						
CAP45	14/80R20	14/80R20 HWY, CAP ONLY					RECAPS		0.00	0.00	0	0	0	0	140.00	13.00	158.20	140.00	10/14/2010	130.00	10/14/2010	12/29/2014	0	01/17/2015	0	0	0.00	01/01/0001	0.00	0.00						
CAP50	11R22.5	11R22.5 HD TRACTION, CAP ONLY					RECAPS		0.00	0.00	0	0	0	0	0.00	13.00	0.00	135.00	01/31/2012	135.00	01/31/2012	02/11/2015	-70	02/09/2015	458479	0	18225.00	01/01/0001	18225.00	165.00						
CARL01	22.5X10-8	CARLISLE 22.5X10.00-8 4PR					NEW TIRES		0.00	0.00	3	0	0	0	41.00	13.00	46.33	65.00		55.00		05/08/2012	3	01/20/2014	335231	0	460.00	05/13/2007	132.00	8.00						
CARL89	570-8	CARLISLE 5.70-8 HWY		CARRO			NEW TIRES		0.00	0.00	0	0	0	0	28.83	13.00	32.57	40.00	02/24/2011	40.00	02/24/2011	02/04/2014	2	01/23/2015	458881	11168	1214.00	01/01/0001	362.18	30.00						
CARLISE14	22X11-8	CARLISLE 22x11.00-8 TURF 4PR					NEW TIRES		0.00	0.00	0	0	0	0	35.95	13.00	40.62	60.00	01/31/2008	50.00	01/31/2008	05/08/2012	0	01/17/2015	444312	0	130.00	01/01/0001	58.10	2.00						
CARLISLE05	32X12.1-15	CARLISLE 32x12.5-15 LUG					NEW TIRES		0.00	0.00	2	0	0	0	90.00	13.00	101.70	220.00	07/17/2014	200.00	07/17/2014	03/28/2012	2	11/09/2014	442502	0	1080.00	01/01/0001	540.00	6.00						
CARLISLE06	28X12X15	CARLISLE 28x12-15 LUG					NEW TIRES		0.00	0.00	16	0	0	0	90.00	13.00	101.70	200.00	10/14/2010	180.00	10/14/2010	09/29/2014	16	09/22/2014	430967	0	2280.00	01/01/0001	1290.00	11.00						
CARLISLE250	250-15	CARLISLE 250-15 LUG					NEW TIRES		0.00	0.00	2	0	0	0	60.00	13.00	67.80	150.00	09/12/2014	130.00	09/12/2014	07/23/2014	10	01/17/2015	458475	0	1040.00	01/01/0001	560.00	8.00						
CARLISLE45	690-9	CARLISLE 690-9 HWY 6PR					NEW TIRES		0.00	0.00	0	0	0	0	57.00	13.00	64.41	80.00	03/14/2014	70.00	03/14/2014	01/23/2015	0	01/27/2015	456897	0	490.00	01/01/0001	91.00	7.00						
CARLISLE8	825-15	CARLISLE 825-15 LUG 14PR					NEW TIRES		0.00	0.00	1	0	0	0	160.00	13.00	180.80	200.00	03/14/2014	180.00	03/14/2014	07/23/2014	2	01/17/2015	456552	0	4650.00	01/01/0001	970.00	23.00						
CASIN10	1000-20	CASING 1000-20					NEW TIRES		0.00	0.00	0	0	0	0	5.00	13.00	5.65	10.00	03/14/2008	10.00	03/14/2008	09/29/2014	-872	02/26/2015	454279	0	14002.55	01/01/0001	9652.55	870.00						
CASING01	11R22.5	CASING 11R22.5					NEW TIRES		0.00	0.00	0	0	0	0	50.00	13.00	56.50	70.00		70.00		02/11/2015	-7	02/09/2015	458449	0	21095.00	01/01/0001	4245.00	337.00						
CASING02	11R24.5	CASING 11R24.5					NEW TIRES		0.00	0.00	0	0	0	0	40.00	13.00	45.20	70.00		70.00		01/08/2015	-80	01/21/2015	457741	0	4910.00	01/01/0001	1550.00	75.00						
CASING03	295/75R22.5	CASING LP 22.5					NEW TIRES		0.00	0.00	0	-4	0	0	25.00	13.00	28.25	45.00		45.00		11/07/2014	-2269	02/24/2015	457315	0	89947.00	01/01/0001	32707.00	2298.00						
CASING04	285/75R24.5	CASING LP 24.5					NEW TIRES		0.00	0.00	0	0	0	0	15.00	13.00	16.95	30.00		30.00		11/07/2014	-257	01/17/2015	427810	0	7855.00	01/01/0001	4015.00	256.00						
CASING05	12R22.5	CASING 12R22.5					NEW TIRES		0.00	0.00	0	0	0	0	55.00	13.00	62.15	70.00		70.00		02/26/2013	-1118	01/17/2015	407633	0	77780.00	01/01/0001	20310.00	1120.00						
CASING06	315/80R22.5	CASING 315/80R22.5					NEW TIRES		0.00	0.00	0	0	0	0	65.00	13.00	73.45	75.00		75.00		01/08/2015	-1228	01/23/2015	457733	0	97022.00	01/01/0001	25717.00	1229.00						
CASING07	385/65R22.5	CASING 385/65R22.5					NEW TIRES		0.00	0.00	0	0	0	0	30.00	13.00	33.90	50.00		50.00		07/31/2014	0	02/11/2015	0	0	0.00	01/01/0001	0.00	0.00						
CASING08	425/65R22.5	CASING 425/65R22.5					NEW TIRES		0.00	0.00	0	0	0	0	30.00	13.00	33.90	50.00		50.00		05/27/2014	-9	01/17/2015	350918	0	460.00	01/01/0001	160.00	10.00						
CASING09	445/65R22.5	CASING 445/65R22.5					NEW TIRES		0.00	0.00	0	0	0	0	30.00	13.00	33.90	50.00		50.00		05/27/2014	0	02/16/2015	0	0	0.00	01/01/0001	0.00	0.00						
CASING11	11-22.5	CASING 11-22.5					RHINS		0.00	0.00	0	0	0	0	5.00	13.00	5.65	10.00		10.00		04/19/2010	-401	01/17/2015	441495	0	4870.00	01/01/0001	2865.00	401.00						
CASTER	CASTER ADJ	CASTER ADJUSTMENT					ALIGNMENT		0.00	0.00	0	0	0	0	1.00	13.00	1.13	0.00		0.00			0		458674	0	204567.00	05/13/2007	203389.00	1178.00						
CEAT02	SOLDOUT	POWERKING 17.5-25 12PLY L-2		ACME			NEW TIRES		0.00	0.00	0	0	0	0	520.00	13.00	587.60	665.00	02/04/2014	565.00	02/04/2014	09/12/2014	0	06/26/2013	449946	12021	111555.00	05/13/2007	24225.67	228.00						
CEAT04	SOLDOUT	ALTURA 20.5-25 L2 16LY		TYRES			NEW TIRES		0.00	0.00	0	0	0	0	618.00	13.00	698.34	990.00	09/23/2011	890.00	09/23/2011	07/26/2011	0	11/11/2013	381968	5967	118340.00	05/13/2007	24154.15	171.00						
CEAT1200	1200-24	CEAT 1200-24 GMROCK 20P TTF		TYRES		2-435	NEW TIRES		0.00	0.00	6	0	0	0	429.00	13.00	484.77	550.00	01/31/2012	500.00	01/31/2012	02/17/2015	6	02/26/2015	0	12466	0.00	01/01/0001	0.00	0.00						
CEAT1600	1600-25	CEAT 1600-25 L4S SM TBLS 32PR		TYRES		2-392	NEW TIRES		0.00	0.00	8	0	0	0	1623.00	13.00	1833.99	2200.00	12/29/2014	2000.00	12/29/2014	02/03/2015	0	12/29/2014	0	12597	0.00	01/01/0001	0.00	0.00						
CEAT175	17.5-25	CEAT 17.5-25 G2/L2 TBLS 16PR		TYRES		2-248	NEW TIRES		0.00	0.00	6	0	0	0	400.00	13.00	452.00	550.00	02/03/2015	500.00	02/03/2015	02/03/2015	0	02/03/2015	458678	12597	1060.00	01/01/0001	260.00	2.00						
CEAT1800	1800-25	ALTURA 1800-25 L5S 40PR.		TYRES		2-128	NEW TIRES		0.00	0.00	40	0	0	0	2298.00	13.00	2596.74	2875.00	01/29/2015	2875.00	03/16/2011	02/03/2015	58	02/04/2015	458622	12597	226350.00	01/01/0001	56484.00	74.00						
CEAT21	SOLDOUT	CEAT 1200x24 L-5 Smooth 24PR		TYRES			NEW TIRES		0.00	0.00	0	0	0	0	589.00	13.00	665.57	850.00	06/06/2011	750.00	06/06/2011	03/03/2011	0	11/11/2013	381021	192	4310.00	01/01/0001	776.00	6.00						
CEAT33	1800-33	CEAT 1800-33 L4S TL 40PR		TYRES		2-101	NEW TIRES		0.00	0.00	2	0	0	0	2568.00	13.00	2901.84	3200.00	03/16/2011	3000.00	03/16/2011	02/03/2015	2	02/04/2015	456982	12597	24400.00	01/01/0001	-7116.00	12.00						
CEAT45	1000-20	ALTURA 1000-20 MPT TT 16PR		TYRES		A2-510	NEW TIRES		0.00	0.00	0	0	0	0	231.83	13.00	261.96	285.00	03/28/2013	265.00	03/28/2013	09/29/2014	0	02/26/2015	458761	9974	29796.00	01/01/0001	9781.97	103.00						
CEAT54	1800-25	ALTURA 1800x25 *L4S* 40PR		TYRES			NEW TIRES		0.00	0.00	3	0	0	0	1078.00	13.00	1218.14	2900.00	07/29/2014	2600.00	07/29/2014	05/03/2012	3	02/04/2015	446901	7607	35550.00	01/01/0001	6285.40	28.00						
CEAT55	SOLDOUT	ALTURA 1400x25 E3 20PR TT		TYRES			NEW TIRES		0.00	0.00	0	0	0	0	914.00	13.00	1032.82	1200.00	08/24/2011	1100.00	08/24/2011	05/03/2012	0	11/19/2013	367641	7064	4050.00	01/01/0001	617.55	5.00						
CHECK TIRE	CHECK TIRE	CHECK TIRE FOR FLAT					MOUNTS		0.00	0.00	0	0	0	0	10.00	13.00	11.30	10.00	05/23/2007	10.00	05/23/2007	02/13/2013	0	02/13/2013	458515	0	720.00	01/01/0001	90.00	63.00						
CHINESE01	12-22.5	CHINESE TIRE 12-22.5 LUG					NEW TIRES		0.00	0.00	8	0	0	0	150.00	13.00	169.50	175.00		155.00		04/19/2010	8	01/17/2015	0	0	0.00	01/01/0001	0.00	0.00						
COMPOUND	PARTS	MOUNTING COMPOUND					RHINS		0.00	0.00	0	0	0	0	3.00	13.00	3.39	6.00		6.00		08/13/2013	0	08/13/2013	451949	0	282.00	01/01/0001	153.00	43.00						
COSMO12	SOLDOUT	RINTAL 12-16.5 12PR L-4 SKS-3		DOBERMANN			NEW TIRES		0.00	0.00	0	0	0	0	200.00	13.00	226.00	250.00	04/07/2014	230.00	04/07/2014	06/30/2014	0	08/19/2014	440959	11408	11865.00	01/01/0001	1677.05	53.00						
COSMO26.5	26.5-25	SINORIENT 26.5-25 28PR L-3		CHINESE			NEW TIRES		0.00	0.00	0	0	0	0	1623.17	13.00	1834.18	2100.00	07/12/2012	2000.00	07/12/2012	11/26/2014	0	09/22/2014	446106	10534	35385.00	01/01/0001	5524.48	18.00						
COSMO900	1200-20	SAMSON 1200X20 LUG 20PR		TGI			NEW TIRES		0.00	0.00	1	0	0	0	465.00	13.00	525.45	630.00	01/07/2015	530.00	01/07/2015	02/17/2015	1	02/26/2015	456054	11875	2087.00	01/01/0001	396.09	8.00						
COUGAR05	315/80R22.5	FULLWAY 315/80R22.5 HWY 18PR		TDI			NEW TIRES		0.00	0.00	0	0	0	0	219.48	13.00	248.01	340.00	03/04/2013	320.00	03/04/2013	01/08/2015	0	01/23/2015	444946	2598	17370.00	06/02/2007	2933.16	67.00						
CREATION235	SOLDOUT	CREATION 235/75R15 LT 6P		ACME		HIFL-HFLT46	NEW TIRES		0.00	0.00	0	0	0	0	70.00	13.00	79.10	100.00	06/27/2013	90.00	06/27/2013	03/19/2014	0	01/12/2015	450979	11340	3090.00	01/01/0001	775.59	33.00						
CREATION245	245/75R16	AMERICUS 245/75R16 HWY 10PR		ACME			NEW TIRES		0.00	0.00	0	0	0	0	88.75	13.00	100.28	105.00	02/11/2014	95.00	02/11/2014	06/16/2014	0	01/29/2015	448838	11670	23950.00	01/01/0001	3988.46	232.00						
CREATION265	265/75R16	CREATION 265/75R16 10PLY		FALKEN			NEW TIRES		0.00	0.00	8	0	0	0	138.46	13.00	156.46	115.00	02/11/2014	105.00	02/11/2014	01/27/2014	8	01/17/2015	448302	11134	4355.00	01/01/0001	430.36	38.00						
CREDIT	CREDIT	CREDIT							0.00	0.00	1615	0	0	0	1.00	13.00	1.13	1.00	05/23/2007	1.00	05/23/2007		3015		458923	0	-1047026.62	05/13/2007	-1048436.62	1409.00						
CREDIT01	CREDIT	CREDIT01							0.00	0.00	0	0	0	0	1.00	13.00	1.13	1.00		1.00		08/27/2007	0	08/27/2007	458601	0	-36527.92	01/01/0001	-36574.92	47.00						
CREDIT02	CREDIT	CREDIT02							0.00	0.00	28	0	0	0	1.00	13.00	1.13	1.00		1.00		08/27/2007	0	08/27/2007	452068	0	-6125.44	01/01/0001	-6097.44	-28.00						
CROSS	CROSS TUBE	CROSS TUBE BAR STRAIGHTEN					ALIGNMENT		0.00	0.00	0	0	0	0	1.00	13.00	1.13	0.00		0.00			0		453164	0	1540.00	05/13/2007	1523.00	17.00						
CUTHARDWARE01	CUTTING EDGE	1inch BG HARDWARE SET					RHINS		0.00	0.00	0	0	0	0	13.00	13.00	14.69	20.00	05/17/2007	15.00	05/17/2007	09/05/2014	0	09/05/2014	458795	0	0.00	01/01/0001	-1170.00	90.00						
CUTHARDWARE03	CUTTING EDGE	1.25inch BG HARDWARE SET					RHINS		0.00	0.00	0	0	0	0	16.00	13.00	18.08	30.00	05/17/2007	25.00	05/17/2007	09/05/2014	0	09/05/2014	0	0	0.00	01/01/0001	0.00	0.00						
CUTHARDWARE04	CUTTING EDG	3/4inch BG HARDWARE SET					RHINS		0.00	0.00	0	0	0	0	12.50	13.00	14.12	20.00	05/08/2012	15.00	05/13/2013	09/19/2014	0	09/19/2014	450097	0	0.00	01/01/0001	-112.50	9.00						
CUTTINGDGE02	CUTTING EDGE	BRAWLER CUT EDGE 40inch					RHINS		0.00	0.00	0	0	0	0	429.00	13.00	484.77	550.00	05/17/2007	500.00	05/17/2007	09/05/2014	0	09/05/2014	457842	0	0.00	01/01/0001	-1287.00	3.00						
CUTTINGEDGE01	CUTTING EDGE	BRAWLER CUT EDGE 36inch					RHINS		0.00	0.00	0	0	0	0	394.76	13.00	446.08	500.00	05/17/2007	450.00	05/17/2007	09/05/2014	0	09/05/2014	453849	0	0.00	01/01/0001	-5526.64	14.00						
CUTTINGEDGE03	CUTTING EDGE	BRAWLER CUT EDGE 48inch					RHINS		0.00	0.00	0	0	0	0	488.60	13.00	552.11	600.00	05/17/2007	575.00	05/17/2007	09/05/2014	0	09/05/2014	458795	0	0.00	01/01/0001	-3420.20	7.00						
CUTTINGHARDWARE	CUTTING EDGE	5/8 BG HARDWARE SET					RHINS		0.00	0.00	0	0	0	0	9.00	13.00	10.17	15.00	10/14/2010	12.00	10/14/2010	09/05/2014	0	09/05/2014	0	0	0.00	01/01/0001	0.00	0.00						
DCOIN10	10-16.5	DCOIN 10R16.5 REM3		CMA		1106340650	NEW TIRES		0.00	0.00	8	0	0	0	197.94	13.00	223.67	245.00	05/02/2014	225.00	05/02/2014	02/13/2015	8	02/13/2015	0	11488	0.00	01/01/0001	0.00	0.00						
DCOIN12	12-16.5	DCOIN 12R16.5 REM3		CMA		1106342650	NEW TIRES		0.00	0.00	16	0	0	0	264.56	13.00	298.95	325.00	05/02/2014	300.00	05/02/2014	12/30/2014	16	02/13/2015	0	11488	0.00	01/01/0001	0.00	0.00						
DCOIN120	1200-24	DCOIN 1200R24 REM6		CMA		1106351246	NEW TIRES		0.00	0.00	0	0	0	0	887.62	13.00	1003.01	1200.00	10/14/2010	1050.00	10/14/2010	02/17/2015	0	02/26/2015	450930	11488	4700.00	01/01/0001	1149.52	4.00						
DCOIN14	1400R24	DCOIN 1400R24 REM6		CMA		1106354241	NEW TIRES		0.00	0.00	4	0	0	0	1545.89	13.00	1746.86	1900.00	05/02/2014	1750.00	05/02/2014	05/01/2014	4	01/17/2015	0	11488	0.00	01/01/0001	0.00	0.00						
DCOIN140	385/95R24	DCOIN 385/95R24 REM8 3-STAR		CMA		1117184241	NEW TIRES		0.00	0.00	0	0	0	0	781.70	13.00	883.32	1050.00	05/02/2014	900.00	10/14/2010	05/27/2014	0	01/17/2015	452358	11488	8400.00	01/01/0001	2146.40	8.00						
DCOIN16	445/95R25	DCOIN 445/95R25 REM8 3-STAR		CMA		1117186251	NEW TIRES		0.00	0.00	12	0	0	0	1166.49	13.00	1318.13	1500.00	10/14/2010	1320.00	05/02/2014	05/27/2014	12	01/17/2015	0	11488	0.00	01/01/0001	0.00	0.00						
DCOIN20	20.5R25	DCOIN 20.5R25 REM2 2STAR		CMA		1107160251	NEW TIRES		0.00	0.00	3	0	0	0	1419.08	13.00	1603.56	1800.00	05/02/2014	1600.00	05/02/2014	11/26/2014	3	01/19/2015	453792	11488	7200.00	01/01/0001	1523.68	4.00						
DCOIN205	525/80R25	DCOIN 525/80R25 REM8 2-STAR		CMA		1117190251	NEW TIRES		0.00	0.00	5	0	0	0	1243.42	13.00	1405.06	1600.00	10/14/2010	1400.00	05/02/2014	05/01/2014	7	01/17/2015	457429	11488	6400.00	01/01/0001	-1060.52	6.00						
DCOIN29	29.5-25	DCOIN 29.5R25 REM10 2STAR		CMA		1087102955	NEW TIRES		0.00	0.00	0	0	0	0	3743.38	13.00	4230.02	4300.00	05/02/2014	4100.00	05/02/2014	05/01/2014	0	01/17/2015	453545	11488	0.00	01/01/0001	-14973.52	4.00						
DEESTONE 21	21L24	DEESTONE 21L24 R4 D314 TL 12P		TGI			NEW TIRES		0.00	0.00	0	0	0	0	539.95	13.00	610.14	650.00	10/14/2010	650.00	10/14/2010	06/16/2014	0	11/09/2014	444450	11667	2600.00	01/01/0001	440.20	4.00						
DEESTONE165	800-16.5	POWERKING 800-16.5 HWY CAMPER		TREADWAYS		WLD79	NEW TIRES		0.00	0.00	8	0	0	0	67.61	13.00	76.39	115.00		105.00		12/05/2013	8	02/04/2015	446612	10939	50534.00	01/01/0001	11501.30	464.00						
DEESTONE650	650-10	DEESTONE 650-10 INDS LUG		TREADWAYS		DS6130	NEW TIRES		0.00	0.00	13	0	0	0	48.87	13.00	55.22	70.00	01/23/2015	60.00	01/23/2015	01/23/2015	3	01/17/2015	458896	12592	2564.00	01/01/0001	642.92	32.00						
DEESTONE700	700-12	DEESTONE 700-12 INDS LUG FORKL		TREADWAYS		DS6135	NEW TIRES		0.00	0.00	4	0	0	0	73.40	13.00	82.94	119.00	03/14/2014	104.00	03/14/2014	01/23/2015	6	02/12/2015	458852	11117	8106.00	01/01/0001	2307.59	71.00						
DEESTONE825	825-15	DEESTONE 825-15 INDS LUG FORKL		TREADWAYS		DS6046	NEW TIRES		0.00	0.00	7	0	0	0	121.97	13.00	137.82	170.00	11/18/2014	150.00	11/18/2014	01/23/2015	5	01/17/2015	458615	12592	8095.00	01/01/0001	2048.98	41.00						
DEESTONE950	950-16.5	DEESTONE 950-16.5 HWY 10PR		TGI			NEW TIRES		0.00	0.00	0	0	0	0	95.95	13.00	108.42	135.00	04/11/2011	125.00	04/11/2011	11/11/2014	0	01/17/2015	455951	12300	1380.00	01/01/0001	324.55	11.00						
DENMAN01	13.6-16	DENMAN 13.6-16					NEW TIRES		0.00	0.00	1	0	0	0	1.00	13.00	1.13	200.00		200.00		12/09/2011	1	01/23/2015	346528	0	0.00	05/13/2007	0.00	0.00						
DISCOUNT	DISCOUNT	DISCOUNT							0.00	0.00	0	0	0	0	1.00	13.00	1.13	-9999.00	05/17/2007	-9999.00	05/17/2007	05/17/2007	0	05/17/2007	458609	0	-12601.09	05/18/2007	-12727.09	126.00						
DISMOUNT5	MOUNT	DISMOUNT					MOUNTS		0.00	0.00	0	0	0	0	3.00	13.00	3.39	10.00	01/30/2012	10.00	01/30/2012	01/23/2008	0	05/18/2007	458802	0	26808.10	06/23/2007	21159.10	1883.00						
DORAL215	215/70R15	DORAL 215/70R15 98S		ACME		5713010	NEW TIRES		0.00	0.00	1	0	0	0	49.00	13.00	55.37	65.00	10/17/2011	55.00	10/17/2011	02/24/2015	0	02/05/2015	458895	12679	285.00	01/01/0001	42.00	5.00						
DOUBLE01	700-15	BLUESTAR 700-15 HWY 8PR		ACME			NEW TIRES		0.00	0.00	1	0	0	0	52.00	13.00	58.76	80.00	03/04/2013	70.00	03/04/2013	07/23/2014	1	02/12/2015	447849	2446	841.00	01/01/0001	299.00	11.00						
DOUBLECOIN	SOLDOUT	DOUBLECOIN 23.5R25 L-3 2-STAR		FALCON			NEW TIRES		0.00	0.00	0	0	0	0	1848.20	13.00	2088.47	2350.00	03/05/2011	2150.00	03/05/2011	01/30/2012	0	11/11/2013	391722	6637	10950.00	01/01/0001	1709.00	5.00						
DOUBLESTAR225	245/70R19.5	BOTO 245/70R19.5 HWY		LLANTAS			NEW TIRES		0.00	0.00	1	0	0	0	215.00	13.00	242.95	170.00	09/22/2014	160.00	09/22/2014	06/09/2014	1	01/17/2015	444554	11089	10445.00	01/01/0001	1845.00	40.00						
DRAG	DRAG LINK	DRAG LINK (INSTALLED)					ALIGNMENT		0.00	0.00	0	0	0	0	1.00	13.00	1.13	0.00		0.00			0		452492	0	1036.07	05/13/2007	1028.07	8.00						
DURON11	265/75R16	TRAILCUTTER 265/75R16 10PR		TREADWAYS		TBC HLT39	NEW TIRES		0.00	0.00	10	0	0	0	98.22	13.00	110.98	115.00	09/22/2014	105.00	09/22/2014	12/11/2014	14	01/17/2015	456550	12410	64380.00	01/01/0001	15600.30	228.00						
DURUN24	11R24.5	DURUN 11R24.5 16PR HWY YTH4		DURUN			NEW TIRES		0.00	0.00	3	0	0	0	216.71	13.00	244.88	275.00	11/26/2014	255.00	11/26/2014	01/08/2015	3	01/21/2015	443581	9873	5140.00	01/01/0001	1455.93	17.00						
DURUN245	11R24.5	DYNACARGO 11R24.5 14P LUG Y103		TREADWAYS		1213481455	NEW TIRES		0.00	0.00	38	0	0	0	228.08	13.00	257.73	285.00	08/20/2014	265.00	08/20/2014	01/08/2015	58	01/21/2015	458117	11951	68705.00	01/01/0001	14340.11	231.00						
DURUN2457	245/70R19.5	DURUN 245/70R19.5 14PR HW YTH4		DURUN			NEW TIRES		0.00	0.00	1	0	0	0	131.96	13.00	149.11	160.00	11/26/2014	160.00	11/26/2014	03/06/2014	1	01/17/2015	445559	9873	6412.00	01/01/0001	1661.44	36.00						
DYNA315	315/80R22.5	DYNAC 315/80R22.5 Y601 22PR		TREADWAYS		1213991259	NEW TIRES		0.00	0.00	20	0	0	0	300.76	13.00	339.85	360.00	12/29/2014	340.00	12/29/2014	01/08/2015	20	01/23/2015	0	12487	0.00	01/01/0001	0.00	0.00						
DYNACARGO11	11R22.5	DYNACARGO 11R22.5 14P LUG Y103		TREADWAYS		1213481255	NEW TIRES		0.00	0.00	328	0	0	0	211.07	13.00	238.50	265.00	12/30/2014	245.00	12/30/2014	02/11/2015	354	02/09/2015	458907	12487	267421.50	01/01/0001	42928.00	997.00						
DYNACARGO112	11R22.5	DYNACARGO 11R22.5 14P HW 208AP		TREADWAYS		1213291255	NEW TIRES		0.00	0.00	183	0	0	0	200.12	13.00	226.13	255.00	12/30/2014	235.00	12/30/2014	02/11/2015	185	02/09/2015	458061	12487	111045.00	01/01/0001	24471.96	420.00						
DYNACARGO12	11R24.5	DYNACARGO 11R24.5 HWY 14PR 208		TREADWAYS		1213291455	NEW TIRES		0.00	0.00	54	0	0	0	215.81	13.00	243.86	275.00	08/20/2014	255.00	08/20/2014	01/08/2015	59	01/21/2015	458450	12487	21035.00	01/01/0001	3448.21	77.00						
DYNACARGO124	11R24.5	DYNACARGO 11R24.5 T14P Y202		TREADWAYS		1213381455	NEW TIRES		0.00	0.00	22	0	0	0	204.27	13.00	230.82	260.00	08/20/2014	240.00	08/20/2014	01/08/2015	29	01/21/2015	458232	12282	20236.10	01/01/0001	3721.09	78.00						
DYNACARGO14	285/75R24.5	DYNACARGO 285/75R24.5 LUG 14PR		MICHEL			NEW TIRES		0.00	0.00	2	0	0	0	229.12	13.00	258.91	270.00	12/04/2014	250.00	12/04/2014	11/07/2014	10	01/17/2015	458010	11785	23715.00	01/01/0001	3195.04	87.00						
DYNACARGO175	215/75R17.5	DYNACARGO 215/75R17.5 HWY 16P		MICHEL		DYN Y203	NEW TIRES		0.00	0.00	4	0	0	0	106.51	13.00	120.35	150.00	07/18/2014	130.00	07/18/2014	07/18/2014	10	01/17/2015	457960	11785	11680.00	01/01/0001	2794.17	80.00						
DYNACARGO19	275/70R22.5	DYNAC 275/70R22.5 Y203 16PR		TREADWAYS			NEW TIRES		0.00	0.00	15	0	0	0	191.78	13.00	216.71	245.00	04/04/2014	225.00	07/17/2014	10/03/2014	15	02/03/2015	456822	12112	2125.00	01/01/0001	398.98	9.00	DRIVE					
DYNACARGO225	11R22.5	DYNACARGO 11R22.5 14PR Y202 TL		TREADWAYS		1213381255	NEW TIRES		0.00	0.00	154	0	0	0	188.47	13.00	212.97	240.00	08/20/2014	220.00	08/20/2014	02/11/2015	156	02/09/2015	457988	12282	87270.00	01/01/0001	15727.06	358.00						
DYNACARGO22570	225/70R19.5	DYNACARGO 225/70R19.5 HWY 201		TREADWAYS			NEW TIRES		0.00	0.00	31	0	0	0	108.05	13.00	122.09	150.00	12/30/2014	130.00	12/30/2014	01/02/2015	38	02/19/2015	458679	12486	29875.00	01/01/0001	10052.25	182.00						
DYNACARGO2295	295/75R22.5	DYNACA 295/75R22.5 14P TL Y202		TREADWAYS		1213389255	NEW TIRES		0.00	0.00	0	0	0	0	178.13	13.00	201.28	240.00	10/03/2014	220.00	10/03/2014	11/07/2014	0	02/24/2015	453558	11951	27581.13	01/01/0001	5830.75	112.00						
DYNACARGO235	235/75R17.5	DYNACAR 235/75R17.5 16P HW 203		TREADWAYS		1213396795	NEW TIRES		0.00	0.00	4	0	0	0	127.52	13.00	144.09	175.00	08/20/2014	155.00	08/20/2014	01/08/2015	3	01/30/2015	458899	11951	13120.00	01/01/0001	3013.86	76.00						
DYNACARGO24.5	285/75R24.5	DYNAC 285/75R24.5 14P HW Y208		TREADWAYS		1213298455	NEW TIRES		0.00	0.00	39	0	0	0	209.75	13.00	237.01	270.00	08/20/2014	240.00	08/20/2014	11/07/2014	43	01/17/2015	458191	12112	23033.16	01/01/0001	3905.16	87.00						
DYNACARGO245	11R22.5	DYNACARGO 11R22.5 TL 14PR Y201		TREADWAYS		1213811255	NEW TIRES		0.00	0.00	20	0	0	0	200.83	13.00	226.93	255.00	01/23/2015	235.00	01/23/2015	02/11/2015	20	02/09/2015	0	12592	0.00	01/01/0001	0.00	0.00						
DYNACARGO255	255/70R22.5	DYNACARGO 255/70R22.5 16P Y203		TREADWAYS		1213395726	NEW TIRES		0.00	0.00	122	2	0	0	149.92	13.00	169.41	200.00	10/03/2014	180.00	10/03/2014	10/03/2014	126	02/26/2015	458934	12112	101200.00	01/01/0001	23554.46	496.00						
DYNACARGO295	295/75R22.5	DYNACA 295/75R22.5 14P LUG 103		TREADWAYS		1213489255	NEW TIRES		0.00	0.00	10	0	0	0	214.13	13.00	241.97	255.00	12/04/2014	235.00	12/04/2014	11/07/2014	10	02/24/2015	457703	11951	101068.16	01/01/0001	13615.73	385.00						
DYNACARGO2957	295/75R22.5	DYNAC 295/75R22.5 14P HW 208		TREADWAYS		1213299256	NEW TIRES		0.00	0.00	0	0	0	0	203.08	13.00	229.48	250.00	01/23/2015	230.00	01/23/2015	01/23/2015	2	02/24/2015	458829	12592	67166.00	01/01/0001	10642.40	275.00						
DYNACARGO45	11R24.5	DYNACARGO 11R24.5 Y201 14PR					NEW TIRES		0.00	0.00	15	0	0	0	220.00	13.00	248.60	260.00	10/14/2010	240.00	10/14/2010	01/08/2015	15	01/21/2015	0	0	0.00	01/01/0001	0.00	0.00						
EAST02	500-8	DEESTONE 500-8 LUG IND 8PR		TREADWAYS		DS6121/DS6019	NEW TIRES		0.00	0.00	7	0	0	0	29.05	13.00	32.82	56.00	03/14/2014	45.00	03/14/2014	02/17/2015	9	02/27/2015	458896	12652	9514.00	05/13/2007	1252.42	283.00						
EAST03	500-8	CARLISLE 500x8 LUG 8PR		NATION			NEW TIRES		0.00	0.00	4	0	0	0	40.00	13.00	45.20	56.00	03/14/2014	45.00	03/14/2014	10/21/2014	4	02/27/2015	458058	8314	28358.00	05/13/2007	8741.43	511.00						
EAST04	600-9	CARLISLE 600-9 LUG 10PR		ITCO			NEW TIRES		0.00	0.00	6	0	0	0	52.17	13.00	58.95	79.00	03/14/2014	67.00	03/14/2014	01/23/2015	13	01/27/2015	458413	6870	32340.00	05/13/2007	8732.25	470.00						
EAST05	700-12	CARLISLE 700-12 LUG 12PR		NATION			NEW TIRES		0.00	0.00	7	0	0	0	60.00	13.00	67.80	119.00	03/08/2013	104.00	03/14/2014	01/23/2015	7	02/12/2015	457857	7416	54911.00	05/13/2007	17417.47	588.00						
EAST07	815-15	CARLISLE 815-15 LUG 12PR		MITCO		28X9X15	NEW TIRES		0.00	0.00	47	0	0	0	151.05	13.00	170.69	90.00	03/21/2014	80.00	03/21/2014	07/23/2014	49	01/17/2015	458520	6544	18676.00	05/13/2007	-4244.71	172.00						
EAST09	18X7-8	EASTONE 18x7-8  16PR					NEW TIRES		0.00	0.00	0	0	0	0	26.00	13.00	29.38	55.00		40.00		12/06/2013	0	01/17/2015	440726	0	360.00	05/13/2007	126.00	9.00						
EAST10	21X8-9	EAST*ONE 21x8-9  14PR					NEW TIRES		0.00	0.00	0	0	0	0	41.00	13.00	46.33	75.00		55.00		05/03/2012	0	01/17/2015	381789	0	295.00	05/13/2007	90.00	5.00						
EAST11	SOLDOUT	BKT 1000-20 EXCAVTOR TRACC 16P		TYRES			NEW TIRES		0.00	0.00	0	0	0	0	276.23	13.00	312.14	350.00	03/20/2013	320.00	03/20/2013	09/29/2014	0	09/22/2014	449215	9898	33445.00	05/13/2007	5854.73	99.00						
EAST12	1200-20	ARMOUR 1200-20 20PR LUG PLT338		MITCO		3981000L	NEW TIRES		0.00	0.00	2	0	0	0	416.02	13.00	470.10	575.00	09/09/2013	505.00	09/09/2013	02/17/2015	2	02/26/2015	458486	12230	83118.00	05/13/2007	21260.23	159.00						
ECOLSOLID600	600-9	ECOSOLID 600-9 NM LUG GRAY		MAIN		935041-70	NEW TIRES		0.00	0.00	24	0	0	0	76.37	13.00	86.29	100.00	03/14/2014	90.00	03/14/2014	02/16/2015	0	02/16/2015	0	12645	0.00	01/01/0001	0.00	0.00						
ELDO225	225/75R15	ELDO P225/75R15 HWY		ACME		0010031	NEW TIRES		0.00	0.00	4	0	0	0	64.00	13.00	72.32	80.00	02/20/2015	75.00	02/20/2015	02/24/2015	0	02/24/2015	0	12679	0.00	01/01/0001	0.00	0.00						
EMERALD12	12-16.5	GRECKST 12-16.5 X88 12PR		EMERALD			NEW TIRES		0.00	0.00	0	0	0	0	173.35	13.00	195.88	240.00	09/18/2014	220.00	09/18/2014	12/30/2014	0	02/13/2015	457707	12054	65580.00	01/01/0001	13462.04	301.00						
EMERALD69	600-9	SOLIDTRACC 690-9 RIB 10PR		EMERALD			NEW TIRES		0.00	0.00	33	0	0	0	54.98	13.00	62.12	85.00	09/18/2014	75.00	09/18/2014	01/23/2015	45	01/27/2015	458724	12054	8755.00	01/01/0001	2922.30	115.00						
EMERALD80	800-16.5	RUGGARD 800-16.5 HWY 8PR		HORIZ			NEW TIRES		0.00	0.00	80	0	0	0	105.00	13.00	118.65	135.00	02/16/2015	125.00	02/16/2015	02/16/2015	1	02/04/2015	457618	12643	33335.00	01/01/0001	12572.61	286.00						
EMERALD87	875-16.5	EMERALD 875-16.5 RIB 10PR		EMERALD			NEW TIRES		0.00	0.00	46	0	0	0	97.26	13.00	109.90	135.00	09/18/2014	125.00	09/18/2014	02/06/2014	48	01/17/2015	458138	11176	6910.00	01/01/0001	2825.08	42.00						
EMERALD99	650-10	SOLIDTRAC 650-10 RIB 12PR		EMERALD			NEW TIRES		0.00	0.00	48	0	0	0	64.89	13.00	73.32	95.00		85.00		01/23/2015	50	01/17/2015	457243	12054	190.00	01/01/0001	60.22	2.00						
FALKEN215	215/85R16	FALKEN 215/85R16 FK R52 10PR		FALKEN			NEW TIRES		0.00	0.00	26	0	0	0	117.58	13.00	132.86	140.00	08/11/2014	130.00	08/11/2014	02/10/2015	3	01/29/2015	458839	12620	8863.00	01/01/0001	1351.98	64.00						
FALKEN225	225/75R16	FALKEN 225/75R16 WILDPEAK H/T		FALKEN			NEW TIRES		0.00	0.00	79	0	0	0	109.39	13.00	123.61	120.00	02/20/2015	110.00	07/01/2014	09/15/2014	91	01/29/2015	458661	11276	34703.00	01/01/0001	2487.20	300.00						
FALKEN23	235/75R17.5	FALKEN 235/75R17.5 18P RI128		FALKEN		62540726	NEW TIRES		0.00	0.00	40	-4	0	0	229.43	13.00	259.25	245.00	01/23/2015	225.00	01/23/2015	02/26/2015	5	01/30/2015	457337	12688	13107.80	01/01/0001	1226.88	52.00						
FALKEN235	235/85R16	FALKEN 235/85R16 WILDPEAK HT		FALKEN		28806474	NEW TIRES		0.00	0.00	18	0	0	0	101.25	13.00	114.41	130.00	08/11/2014	120.00	08/11/2014	01/09/2015	26	01/29/2015	458299	12510	28293.00	01/01/0001	3320.14	218.00						
FALKEN245	245/75R16	FALKEN 245/75R16 WILDPEAK HT		FALKEN		2880494	NEW TIRES		0.00	0.00	6	0	0	0	109.45	13.00	123.67	135.00	08/11/2014	125.00	08/11/2014	01/09/2015	13	01/29/2015	458808	12510	25596.00	01/01/0001	3867.65	195.00						
FALKEN2452	245/75R16	FALKEN 245/75R16 R52 10PR HD		FALKEN		28697991	NEW TIRES		0.00	0.00	18	0	0	0	127.47	13.00	144.04	150.00	08/11/2014	140.00	08/11/2014	11/18/2014	19	01/29/2015	458379	12323	990.00	01/01/0001	-29.76	8.00						
FALKEN2552	225/75R16	FALKEN 225/75R16 R52 10PR HD		FALKEN		28697627	NEW TIRES		0.00	0.00	104	0	0	0	123.07	13.00	139.07	140.00	02/20/2015	130.00	02/20/2015	11/18/2014	104	01/29/2015	457023	12323	1120.00	01/01/0001	12.37	9.00						
FALKEN26	265/75R16	FALKEN 265/75R16 WILDPEAK HT		FALKEN			NEW TIRES		0.00	0.00	9	0	0	0	138.46	13.00	156.46	146.00	08/11/2014	136.00	01/30/2014	10/30/2013	11	01/17/2015	458063	10814	3937.00	01/01/0001	357.82	27.00						
FALKEN265	265/70R17	FALKEN 265/70R17 WILDPEAK HT		FALKEN			NEW TIRES		0.00	0.00	0	-2	0	0	122.89	13.00	138.86	150.00	08/25/2014	140.00	08/25/2014	10/10/2014	7	01/17/2015	457397	12139	23270.00	01/01/0001	4889.56	142.00						
FALKEN315	315/80R22.5	FALKEN 315/80R22.5 RI-128 18PR		FALKEN		62668949	NEW TIRES		0.00	0.00	16	0	0	0	415.96	13.00	470.03	495.00	08/11/2014	475.00	08/11/2014	01/08/2015	17	01/23/2015	457497	12465	24445.00	01/01/0001	3231.04	51.00						
FALKEN3552	235/85R16	FALKEN 235/85R16 R52 10PR HD		FALKEN		28697992	NEW TIRES		0.00	0.00	32	0	0	0	122.53	13.00	138.45	145.00	08/11/2014	135.00	08/11/2014	11/18/2014	32	01/29/2015	457196	12323	2955.00	01/01/0001	504.40	20.00						
FET	FET TAX	FET TAX		CONSOL					0.00	0.00	0	0	0	0	1.00	13.00	1.13	0.00		0.00		12/17/2007	0	12/18/2007	458375	1257	20992.01	06/13/2007	19723.01	1285.00						
FET .TAX	FET TAX	.FET TAX.							0.00	0.00	0	0	0	0	0.00	13.00	0.00	0.00		0.00		02/25/2010	0	02/25/2010	458498	0	3777.08	01/01/0001	3777.08	182.00						
FET TAX.	FET TAX	FET TAX.							0.00	0.00	0	0	0	0	0.00	13.00	0.00	0.00		0.00		04/17/2009	0	04/17/2009	458357	0	2544.40	01/01/0001	2544.40	92.00						
FET TAX..	FET TAX	F.E.T. TAX					TUBES		0.00	0.00	0	0	0	0	0.00	13.00	0.00	0.00	02/25/2010	0.00	02/25/2010	02/25/2010	0	02/25/2010	458890	0	30788.64	01/01/0001	30788.64	1122.00						
FIELDMATE10	10-16.5	SECURITY 10-16.5 HD 10PR		FOREIGN			NEW TIRES		0.00	0.00	4	0	0	0	92.99	13.00	105.07	195.00	09/22/2014	175.00	09/22/2014	02/13/2015	6	02/13/2015	458820	10865	2720.00	01/01/0001	674.22	22.00						
FIELDMATE12	12-16.5	POWERKING 12-16.5 12PR XD		TREADWAYS		KRG27A	NEW TIRES		0.00	0.00	35	0	0	0	105.06	13.00	118.71	145.00	09/17/2014	135.00	09/17/2014	12/30/2014	38	02/13/2015	458630	12474	23740.00	01/01/0001	5439.51	166.00						
FIELDMATE13	1300-24	FIELDMATE 1300-24 16PR G2 K130		FOREIGN		465Z	NEW TIRES		0.00	0.00	2	0	0	0	267.40	13.00	302.16	320.00	07/02/2014	280.00	07/02/2014	11/13/2013	4	02/11/2015	458518	10865	15105.00	01/01/0001	130.60	56.00						
FIELDMATE14	1400-24	FIELDMATE 1400-24 16PR 2 K130		FOREIGN		468A	NEW TIRES		0.00	0.00	0	0	0	0	313.64	13.00	354.41	380.00	07/02/2014	350.00	07/02/2014	09/05/2014	-1	01/17/2015	453633	10865	12430.00	01/01/0001	2393.52	32.00						
FIELDMATE580	12.5/80-18	OTANI 12.5/80-18 12PR LUG TLS		FOREIGN		328J	NEW TIRES		0.00	0.00	31	0	0	0	165.21	13.00	186.68	220.00	10/13/2011	200.00	10/13/2011	11/26/2014	49	01/17/2015	458722	12357	17405.00	01/01/0001	3928.27	82.00						
FIRE02	800-18	FIRESTONE 8.00-18					NEW TIRES		0.00	0.00	2	0	0	0	1.00	13.00	1.13	200.00		200.00		11/27/2013	2	02/04/2015	0	0	0.00	05/13/2007	0.00	0.00						
FIREST315	315/80R22.5	FIRESTONE 315/80R22.5 20PR		FALCON		FALCON	NEW TIRES		0.00	0.00	8	0	0	0	595.11	13.00	672.47	715.00	12/29/2014	675.00	12/29/2014	01/08/2015	8	01/23/2015	456673	12473	5080.00	01/01/0001	319.12	8.00						
FIRESTONE01	18-19.5	FIRESTONE 18-19.5					NEW TIRES		0.00	0.00	2	0	0	0	1.00	13.00	1.13	250.00	12/08/2008	250.00	12/08/2008	06/27/2013	2	12/17/2014	322391	0	160.00	05/13/2007	158.00	2.00						
FIRESTONE225	225/75R16	FIRESTONE 225/75R16 10PR TRANS		ITCO		107189752	NEW TIRES		0.00	0.00	6	0	0	0	131.99	13.00	149.14	150.00	08/21/2014	140.00	08/21/2014	09/15/2014	6	01/29/2015	456003	10586	21120.00	01/01/0001	2957.58	137.00						
FIRESTONE245	245/70R17	FIRESTONE 245/70R17 10P TRANSF					NEW TIRES		0.00	0.00	3	0	0	0	138.69	13.00	156.71	165.00	01/30/2014	155.00	01/30/2014	01/07/2015	3	01/17/2015	0	0	0.00	01/01/0001	0.00	0.00						
FIT.1400-24	FIT	FIT 1400-24 LEASE $2.10					MOUNTS		0.00	0.00	0	0	0	0	1.00	13.00	1.13	2.10	03/01/2013	2.10	03/01/2013	04/01/2011	0	04/01/2011	458127	0	11955.78	01/01/0001	5713.78	6242.00						
FIT.1800-25	FIT	FIT 1800-25 LEASE $2.10					MOUNTS		0.00	0.00	0	0	0	0	1.00	13.00	1.13	2.10	03/01/2013	2.10	03/01/2013	04/01/2011	0	04/01/2011	458127	0	510951.06	01/01/0001	250409.06	260542.00						
FIT.1800-33	FIT	FIT 1800-33 LEASE $4.00					MOUNTS		0.00	0.00	0	0	0	0	1.00	13.00	1.13	4.00	03/01/2013	4.00	03/01/2013	04/01/2011	0	04/01/2011	458127	0	407103.88	01/01/0001	279467.88	127636.00						
FIT.1800-33 #14	FIT	FIT 1800-33 LEASE #14 $4.00					MOUNTS		0.00	0.00	0	0	0	0	1.00	13.00	1.13	4.00	02/15/2011	4.00	02/15/2011	02/08/2012	0	02/08/2012	414047	0	39240.00	01/01/0001	29430.00	9810.00						
FIT.AIRCHECK	FIT	FIT CHECK & FILL AIR PRESSURE					MOUNTS		0.00	0.00	0	0	0	0	0.00	13.00	0.00	0.00	02/15/2011	0.00	02/15/2011	03/22/2011	0	03/22/2011	369947	0	0.00	01/01/0001	0.00	9.00						
FIT.CALL	FIT	FIT CALL TO THE YARD					ROAD CALL		0.00	0.00	0	0	0	0	0.00	13.00	0.00	0.00		0.00		02/11/2011	0	02/11/2011	451282	0	0.00	01/01/0001	0.00	156.00						
FIT.COOLANT	FIT	FIT TIRE COOLANT							0.00	0.00	0	0	0	0	0.00	13.00	0.00	0.00	10/14/2010	0.00	10/14/2010	02/11/2011	0	02/11/2011	376325	0	0.00	01/01/0001	0.00	90.00						
FIT.MOUNT	FIT	FIT 1800X25 MOUNT & DISMOUNT					MOUNTS		0.00	0.00	0	0	0	0	0.00	13.00	0.00	0.00	10/14/2010	0.00	10/14/2010	02/11/2011	0	02/11/2011	445031	0	0.00	01/01/0001	0.00	331.00						
FIT.MOUNT1	FIT	FIT 1800X33 MOUNT & DISMOUNT							0.00	0.00	0	0	0	0	0.00	13.00	0.00	0.00	10/14/2010	0.00	10/14/2010	02/11/2011	0	02/11/2011	448649	0	0.00	01/01/0001	0.00	259.00						
FITORING	FIT	FIT O-RING					TUBES		0.00	0.00	0	0	0	0	5.00	13.00	5.65	15.00	02/15/2011	15.00	02/15/2011	03/28/2012	0	03/28/2012	448649	0	6090.00	01/01/0001	4035.00	411.00						
FLAP02	FLAPS	FLAP 20 INCH					NEW TIRES		0.00	0.00	0	0	0	0	9.39	13.00	10.61	19.00	12/24/2013	19.00	12/24/2013	02/15/2011	0	02/15/2011	457188	0	3915.50	01/01/0001	2046.89	199.00						
FLAP03	FLAPS	FLAP 24 INCH					NEW TIRES		0.00	0.00	0	0	0	0	16.25	13.00	18.36	25.00	02/27/2012	25.00	02/27/2012	02/15/2011	0	02/15/2011	458605	0	3428.00	01/01/0001	1429.25	123.00						
FLAPS	FLAPS	FLAP					TUBES		0.00	0.00	0	0	0	0	4.00	13.00	4.52	12.00	02/15/2011	12.00	02/15/2011	05/17/2007	0	05/17/2007	458914	753	7519.84	06/02/2007	5123.84	599.00						
FLAT15	FLAT	FLAT REPAIR15					MOUNTS		0.00	0.00	0	0	0	0	0.00	13.00	0.00	15.00		15.00		05/14/2007	0	05/14/2007	458868	0	44673.90	05/14/2007	44673.90	2825.00						
FLAT20	FLAT	FLAT REPAIR					MOUNTS		0.00	0.00	0	0	0	0	10.00	13.00	11.30	20.00		20.00			0		458891	0	300014.55	05/13/2007	163454.55	13656.00						
FLAT25	FLAT	FLAT REPAIR25					MOUNTS		0.00	0.00	0	0	0	0	14.00	13.00	15.82	25.00		25.00			0		458931	0	170619.90	05/13/2007	77645.90	6641.00						
FLAT45	FLAT	FLAT REPAIR45					MOUNTS		0.00	0.00	0	0	0	0	30.00	13.00	33.90	45.00		45.00			0		458929	0	114607.95	05/13/2007	38407.95	2541.00						
FLAT55	FLAT	FLAT REPAIR55					MOUNTS		0.00	0.00	0	0	0	0	35.00	13.00	39.55	55.00		55.00			0		457002	0	5970.00	05/13/2007	2260.00	106.00						
FLAT65	FLAT	FLAT REPAIR65					MOUNTS		0.00	0.00	0	0	0	0	44.00	13.00	49.72	65.00		65.00			0		458690	0	72720.00	05/13/2007	25112.00	1082.00						
FLEET SERVICE	FLEET SERVICE	FLEET SERVICE					MOUNTS		0.00	0.00	0	0	0	0	10.00	13.00	11.30	15.00	12/11/2008	15.00	12/11/2008	12/11/2008	0	05/15/2007	458911	0	68277.45	05/26/2007	40977.45	3041.00						
FOAMFILL	FOAMFILL	FOAMFILL					FOAM FILL		0.00	0.00	539171	0	0	0	0.88	13.00	0.99	1.30	05/10/2012	1.22	06/27/2012	03/25/2008	556002	01/02/2013	458881	0	942207.11	05/13/2007	631253.75	338451.00						
FOAMFILL-PESO	FOAMFILL-PESO	11L16 FOAMFILL LBS (189)					FOAM FILL		0.00	0.00	0	0	0	0	1.10	13.00	1.24	1.30	05/10/2012	1.22	05/10/2012	09/03/2008	-1	01/02/2013	453254	0	2264.70	01/01/0001	1841.20	385.00						
FOAMFILL-PESO2	FOAMFILL-PESO	12.5/80-18 FOAMFILL LBS (250)					FOAM FILL		0.00	0.00	0	0	0	0	1.10	13.00	1.24	1.30	05/10/2012	1.22	05/10/2012	09/03/2008	-500	01/02/2013	395608	0	1080.00	01/01/0001	527.80	502.00						
FOAMFILL-PESO3	FOAMFILL-PESO	10x16.5 FOAMFILL LBS (132)					FOAM FILL		0.00	0.00	0	0	0	0	1.10	13.00	1.24	1.30	05/10/2012	1.22	05/10/2012	09/03/2008	-165	01/02/2013	436299	0	7523.76	01/01/0001	6457.86	969.00						
FOAMFILL-PESO4	FOAMFILL-PESO	5.70-8 FOAMFILL LBS (30)					FOAM FILL		0.00	0.00	0	0	0	0	1.10	13.00	1.24	1.30	05/10/2012	1.22	05/10/2012	09/03/2008	0	01/02/2013	442110	0	320.00	01/01/0001	311.20	8.00						
FOAMFILL-PESO5	FOAMFILL-PESO	4.80-8 FOAMFILL LBS (20)					FOAM FILL		0.00	0.00	0	0	0	0	1.10	13.00	1.24	1.33	05/10/2012	1.20	05/10/2012	09/03/2008	-6	01/02/2013	457204	0	578.46	01/01/0001	524.56	49.00						
FOAMFILL-PESO6	FOAMFILL-PESO	12x16.5 FOAMFILL LBS (200)					FOAM FILL		0.00	0.00	0	0	0	0	1.10	13.00	1.24	1.30	05/10/2012	1.22	05/10/2012	09/03/2008	-629	01/02/2013	457478	0	13392.00	01/01/0001	9379.20	3648.00						
FOAMFILL-PESO7	FOAMFILL-PESO	1300x24 FOAMFILL LBS (498)					FOAM FILL		0.00	0.00	0	0	0	0	1.10	13.00	1.24	1.30	05/10/2012	1.20	05/10/2012	09/03/2008	-2494	01/02/2013	456313	0	16103.60	01/01/0001	12799.20	3004.00						
FOAMFILL01	FOAMFILL	FOAMFILL01					FOAM FILL		0.00	0.00	0	0	0	0	0.88	13.00	0.99	1.30	05/10/2012	1.22	05/10/2012	03/25/2008	0	01/02/2013	458184	0	105834.27	05/15/2007	91154.99	31324.00						
FOAMFILL02	FOAMFILL	FOAMFILL02					FOAM FILL		0.00	0.00	0	0	0	0	0.88	13.00	0.99	1.30	05/10/2012	1.22	05/10/2012	03/25/2008	4	01/02/2013	450748	0	14927.93	01/01/0001	13991.61	1080.00						
FOAMFILL03	FOAMFILL	FOAMFILL03					FOAM FILL		0.00	0.00	0	0	0	0	0.88	13.00	0.99	1.30	05/10/2012	1.25	05/10/2012	03/25/2008	-1	01/02/2013	444835	0	5247.40	06/26/2007	5237.72	17.00						
FOAMFILLSTOCK01	FOAMFILLSTOCK	FoamFill 1300-24 10-hole Std					FOAM FILL		0.00	0.00	0	0	0	0	505.00	13.00	570.65	930.00	05/26/2011	930.00	05/26/2011	03/25/2008	-8	01/02/2013	456313	0	36065.00	01/01/0001	14350.00	43.00						
FOAMFILLSTOCK02	FOAMFILLSTOCK	FoamFill 1300-24 10-Hole Hub					FOAM FILL		0.00	0.00	0	0	0	0	505.00	13.00	570.65	930.00	05/26/2011	930.00	05/26/2011	03/25/2008	0	01/02/2013	455232	0	59416.70	01/01/0001	24066.70	70.00						
FOAMFILLSTOCK03	FOAMFILLSTOCK	FoamFill 1400-24 10-Hole Std					FOAM FILL		0.00	0.00	0	0	0	0	580.00	13.00	655.40	1070.00	05/26/2011	1070.00	05/26/2011	03/25/2008	-19	01/02/2013	436070	0	77395.00	01/01/0001	30995.00	80.00						
FOAMFILLSTOCK04	FOAMFILLSTOCK	FoamFill 1400-24 12-Hole Hub					FOAM FILL		0.00	0.00	0	0	0	0	580.00	13.00	655.40	1070.00	05/26/2011	1070.00	05/26/2011	03/25/2008	-7	01/02/2013	453439	0	19410.00	01/01/0001	7810.00	20.00						
FOAMFILLSTOCK05	FOAMFILLSTOCK	FoamFill 17.5-25 10-Hole Std					FOAM FILL		0.00	0.00	0	0	0	0	687.00	13.00	776.31	1400.00	03/17/2011	1400.00	03/17/2011	03/25/2008	0	01/02/2013	458322	0	19730.00	01/01/0001	8738.00	16.00						
FOAMFILLSTOCK06	FOAMFILLSTOCK	FoamFill 1300-24 8-Hole Std					FOAM FILL		0.00	0.00	0	0	0	0	505.00	13.00	570.65	930.00	05/26/2011	930.00	05/26/2011	03/25/2008	-5	01/02/2013	430758	0	49320.00	01/01/0001	20030.00	58.00						
FORERUNNER125	SOLDOUT	FORERUNNER 12.5/80-18 12PR R-4		TIREMAST			NEW TIRES		0.00	0.00	0	0	0	0	195.22	13.00	220.60	240.00	10/14/2010	220.00	10/14/2010	02/12/2013	0	11/11/2013	422584	9774	7740.00	01/01/0001	1102.52	34.00						
FORERUNNER13	1300-24	SOLIDEAL 1300-24 14PR R4		ROAD			NEW TIRES		0.00	0.00	0	0	0	0	428.00	13.00	483.64	460.00	07/29/2014	430.00	07/29/2014	11/11/2014	0	02/11/2015	453794	12299	21763.00	01/01/0001	5164.24	51.00						
FORERUNNER265	SOLDOUT	FORERUNNER 26.5-25 28PR L3/E3		TIREMAST			NEW TIRES		0.00	0.00	0	0	0	0	1590.00	13.00	1796.70	2100.00	10/14/2010	2000.00	10/14/2010	02/12/2013	0	11/11/2013	415630	9774	3800.00	01/01/0001	620.00	2.00						
FREESTAR09	205/75R14	TOWMAX 205/75R14 6PR		TREADWAYS			NEW TIRES		0.00	0.00	25	0	0	0	41.10	13.00	46.44	69.00	03/11/2013	59.00	03/11/2013	10/24/2014	28	01/19/2015	458879	12215	15781.00	01/01/0001	4268.63	249.00						
FREESTAR10	SOLDOUT	WESTLAKE 225/75R15 TRLR 10PR		TYRES			NEW TIRES		0.00	0.00	0	0	0	0	64.47	13.00	72.85	89.00	09/28/2011	79.00	09/28/2011	01/28/2013	0	01/21/2014	434195	9709	32794.00	01/01/0001	8112.93	417.00						
FREESTAR11	235/80R16	POWERKING/TOWMAX 235/80R16 10P		TREADWAYS			NEW TIRES		0.00	0.00	27	-1	0	0	68.11	13.00	76.96	110.00	01/31/2012	100.00	09/01/2011	11/18/2014	44	01/17/2015	458871	12328	37326.00	01/01/0001	9441.47	370.00						
FUEL SURCHARGE	FUEL SURCHARGE	FUEL SURCHARGE					MOUNTS		0.00	0.00	0	0	0	0	5.00	13.00	5.65	10.00	04/15/2014	10.00	04/15/2014	03/21/2011	0	02/18/2008	458931	0	128957.90	01/01/0001	33978.90	19000.00						
FULLWAY315	315/80R22.5	DOUBLEHAP 315/80R22.5 TR908 20		CHINESE			NEW TIRES		0.00	0.00	2	0	18	0	212.92	13.00	240.59	335.00	07/22/2013	315.00	07/22/2013	01/08/2015	2	01/23/2015	439899	10687	12715.00	01/01/0001	2883.13	36.00						
GALAX06	41/18LL-22	GALAXY 41/18LL-22.5  14PR		KAUFFMAN			NEW TIRES		0.00	0.00	5	0	0	0	1209.13	13.00	1366.32	1300.00	05/08/2013	1200.00	05/08/2013	02/26/2013	5	01/17/2015	434689	9842	18440.00	05/13/2007	1919.09	16.00						
GALAXY05	33X16LL16.1	ALLIANCE 33x16LL-16.1 TURF 10P		KAUFFMAN			NEW TIRES		0.00	0.00	0	0	0	0	357.41	13.00	403.87	590.00	09/09/2009	540.00	09/09/2009	09/20/2011	0	01/17/2015	427200	7223	19610.00	01/01/0001	5119.58	37.00						
GARBAGE	TIRE DISPOS	TIRE DISPOSAL							0.00	0.00	0	0	0	0	1.00	13.00	1.13	8.00		8.00		02/27/2013	0		458919	0	442491.77	05/13/2007	399195.77	43296.00						
GARBAGE15	TIRE DISPOS	TIRE DISPOSAL $15							0.00	0.00	0	0	0	0	1.00	13.00	1.13	15.00		15.00		02/27/2013	0		458927	0	63555.79	05/13/2007	59675.79	3884.00						
GARBAGE180025	TIRE DISPOS	TIRE DISPOSAL 1800x25					MOUNTS		0.00	0.00	0	0	0	0	50.00	13.00	56.50	85.00	04/03/2012	85.00	04/03/2012	03/18/2013	0	03/18/2013	457744	0	12595.00	01/01/0001	5195.00	148.00						
GARBAGE20	TIRE DISPOS	TIRE DISPOSAL $20							0.00	0.00	0	0	0	0	1.00	13.00	1.13	20.00		20.00		02/27/2013	0		458810	0	24100.32	05/13/2007	23085.32	1015.00						
GARBAGE25	TIRE DISPOS	TIRE DISPOSAL $25							0.00	0.00	0	0	0	0	1.00	13.00	1.13	25.00		25.00		02/27/2013	0		458814	0	36324.00	05/13/2007	34857.00	1467.00						
GARBAGE3	TIRE DISPOS	TIRE DISPOSAL LIGHT TRUCK							0.00	0.00	0	4	0	0	1.00	13.00	1.13	3.00		3.00		02/27/2013	0		458875	0	47178.30	05/13/2007	32994.30	14184.00						
GARBAGE38	TIRE DISPOS	TIRE DISPOSAL $30					MOUNTS		0.00	0.00	0	0	0	0	0.00	13.00	0.00	30.00	10/14/2010	30.00	10/14/2010	02/27/2013	0	04/26/2011	458678	0	6841.75	01/01/0001	6841.75	230.00						
GARBAGE39	TIRE DISPOS	TIRE DISPOSAL $8					RHINS		0.00	0.00	0	0	0	0	4.50	13.00	5.08	8.00	10/14/2010	8.00	10/14/2010	02/27/2013	0	03/09/2011	458906	0	24897.00	01/01/0001	10668.00	3162.00						
GARBAGE40	TIRE DISPOS	TIRE DISPOSAL $40							0.00	0.00	0	0	0	0	1.00	13.00	1.13	40.00		40.00		02/27/2013	0		458705	0	30675.40	05/13/2007	29497.40	1178.00						
GARBAGE41	TIRE DISPOS	TIRE DISPOSAL $5					RHINS		0.00	0.00	0	0	0	0	2.50	13.00	2.82	5.00	10/14/2010	5.00	10/14/2010	02/27/2013	0	03/09/2011	458910	0	67758.90	01/01/0001	33953.90	13522.00						
GARBAGE42	TIRE DISPOS	TIRE DISPOSAL $35					MOUNTS		0.00	0.00	0	0	0	0	0.00	13.00	0.00	35.00		35.00		02/27/2013	0	04/26/2011	451680	0	10260.00	01/01/0001	10260.00	294.00						
GARBAGE45	TIRE DISPOS	TIRE DISPOSAL $3					RHINS		0.00	0.00	0	0	0	0	1.00	13.00	1.13	3.00		3.00		02/27/2013	0	03/09/2011	458930	0	48445.00	01/01/0001	32533.00	15912.00						
GARBAGE5	TIRE DISPOS	TIRE DISPOSAL TRUCK TIRE 19.5							0.00	0.00	0	0	0	0	3.00	13.00	3.39	5.00		5.00		02/27/2013	0	05/16/2007	456926	0	61362.98	01/01/0001	25542.98	11940.00						
GARBAGE55	TIRE DISPOS	TIRE DISPOSAL $55							0.00	0.00	0	0	0	0	1.00	13.00	1.13	55.00		55.00		02/27/2013	0		450063	0	13705.67	05/13/2007	13288.67	417.00						
GARBAGE8	TIRE DISPOS	TIRE DISPOSAL TRUCK TIRE							0.00	0.00	0	0	0	0	1.00	13.00	1.13	8.00		8.00		02/27/2013	0		458927	0	301597.87	05/13/2007	265979.87	35628.00						
GENERAL01	1600-25	GENERAL 1600x25 E3 28PR					NEW TIRES		0.00	0.00	1	0	0	0	150.00	13.00	169.50	700.00	10/14/2010	700.00	10/14/2010	12/15/2014	1	09/21/2014	0	0	0.00	01/01/0001	0.00	0.00						
GENERAL55	29.5-29	GENERAL 29.5x29 E3 34PR					NEW TIRES		0.00	0.00	0	0	0	0	2600.00	13.00	2938.00	4000.00		3600.00		08/18/2011	0	01/17/2015	383809	0	11400.00	01/01/0001	3600.00	3.00						
GEO-TRAC45	225/60R16	GOODYEAR 225/60R16		TREADWAYS			NEW TIRES		0.00	0.00	2	-5	0	0	74.69	13.00	84.40	50.00	07/29/2014	50.00	07/29/2014	09/04/2013	2	01/17/2015	435626	10559	134931.00	01/01/0001	29556.79	1297.00						
GEOTRAC01	SOLDOUT	GEO-TRAC LT235/75R15 6PR		TIRECO			NEW TIRES		0.00	0.00	0	0	0	0	86.36	13.00	97.59	110.00	03/15/2012	100.00	03/15/2012	03/15/2012	0	01/12/2015	454510	8148	14524.00	01/01/0001	2916.52	150.00						
GEOTRAC09	245/75R17	CREATION LT245/75R17 10PR		TREADWAYS			NEW TIRES		0.00	0.00	1	0	0	0	86.51	13.00	97.76	115.00	03/11/2013	110.00	09/22/2014	09/04/2013	1	01/29/2015	435760	10559	158997.00	01/01/0001	34974.32	1365.00						
GEOTRAC225	225/75R16	CREATION  225/75R16 10PR		TREADWAYS			NEW TIRES		0.00	0.00	10	0	0	0	74.40	13.00	84.07	105.00	03/11/2013	92.00	03/11/2013	09/15/2014	10	01/29/2015	456910	10559	80853.00	01/01/0001	19810.19	774.00						
GEOTRAC235	235/85R16	TRAILCUTTER 235/85R16 10PR HWY		TREADWAYS			NEW TIRES		0.00	0.00	235	0	0	0	88.83	13.00	100.37	110.00	10/06/2014	100.00	10/06/2014	12/16/2014	279	01/29/2015	458933	12428	56037.00	01/01/0001	13777.29	465.00						
GEOTRAC245	245/75R17	TRAILCUTTER 245/75R17 10PR		TREADWAYS		TBC-HLT19	NEW TIRES		0.00	0.00	13	0	0	0	95.93	13.00	108.40	130.00	02/11/2014	110.00	02/11/2014	12/11/2014	20	01/29/2015	458059	12411	13395.00	01/01/0001	2801.04	101.00						
GEOTRAC265	265/70R17	GEOTRAC 265/70R17 TL 10PR		TIRECO			NEW TIRES		0.00	0.00	1	0	0	0	126.49	13.00	142.93	160.00	06/13/2012	150.00	06/13/2012	08/25/2014	1	01/17/2015	453567	8606	4390.00	01/01/0001	848.28	28.00						
GLOVES	MISC	GLOVES							0.00	0.00	0	0	0	0	1.00	13.00	1.13	2.00		2.00		05/23/2007	0	05/23/2007	458572	0	58435.54	05/29/2007	52269.54	6166.00						
GOGGLES	MISC	GOGGLES							0.00	0.00	0	0	0	0	1.00	13.00	1.13	2.00		2.00		05/23/2007	0	05/23/2007	457249	0	1728.54	06/21/2007	1132.54	596.00						
GOODYEAR55	525/80R25	RETREAD 525/80R25					NEW TIRES		0.00	0.00	1	0	0	0	0.00	13.00	0.00	1200.00		1200.00		04/11/2011	1	01/17/2015	0	0	0.00	01/01/0001	0.00	0.00						
GOODYEAR89	1600-25	GOODYEAR 1600x25 SMOOTH RECAP							0.00	0.00	1	0	0	0	0.00	13.00	0.00	600.00	08/20/2011	600.00	08/20/2011	12/15/2014	1	09/21/2014	0	0	0.00	01/01/0001	0.00	0.00						
GOODYEAR890	1600-25	GOODYEAR 1600x25 E1							0.00	0.00	4	0	0	0	0.00	13.00	0.00	300.00	08/20/2011	300.00	08/20/2011	12/15/2014	4	09/21/2014	391673	0	0.00	01/01/0001	0.00	0.00						
GOODYEAR96	G20 (1400R20)	GOODYEAR 1400R20							0.00	0.00	3	0	0	0	0.00	13.00	0.00	650.00	08/20/2011	650.00	08/20/2011	08/20/2011	3	03/10/2014	0	0	0.00	01/01/0001	0.00	0.00						
GREENSAVER01	33/12.5-15	GREEN 33/12.5-15 TURF					NEW TIRES		0.00	0.00	0	0	0	0	1.00	13.00	1.13	300.00		250.00		06/29/2010	0	01/17/2015	442574	0	300.00	05/13/2007	299.00	1.00						
GREMAX205	205/75R15	GREMAX P205/75R15 M5000 HWY		ACME		GM004	NEW TIRES		0.00	0.00	6	0	0	0	51.75	13.00	58.47	75.00	03/16/2011	65.00	03/16/2011	02/24/2015	0	02/24/2015	0	12679	0.00	01/01/0001	0.00	0.00						
GS01	700-15	GENERALSERVICE 7.00-15 LU					NEW TIRES		0.00	0.00	1	0	0	0	1.00	13.00	1.13	105.00		105.00		07/23/2014	1	02/12/2015	0	0	0.00	05/13/2007	0.00	0.00						
HANK235	235/70R17	HANKOO 235/70R17 RH03		ACME			NEW TIRES		0.00	0.00	4	0	0	0	120.75	13.00	136.44	150.00	03/15/2012	140.00	09/04/2012	05/08/2014	4	01/17/2015	441828	11517	1866.00	01/01/0001	282.60	13.00						
HANK241	11R24.5	HANKOOK 11R24.5 TL01 LRG		HANKOO			NEW TIRES		0.00	0.00	8	0	0	0	321.49	13.00	363.28	355.00	07/24/2014	335.00	07/24/2014	01/08/2015	8	01/21/2015	452714	12071	1095.00	01/01/0001	130.53	3.00						
HANK29	295/75R22.5	HANKOOK 295/75R22.5 DL07 LRG		HANKOO			NEW TIRES		0.00	0.00	7	0	0	0	378.82	13.00	428.06	350.00	07/24/2014	350.00	07/24/2014	11/07/2014	7	02/24/2015	456131	9981	7741.04	01/01/0001	-29.74	21.00						
HANK30	255/70R22.5	HANKOOK 255/70R22.5 AH12 LRH		HANKOO			NEW TIRES		0.00	0.00	10	0	0	0	274.56	13.00	310.25	330.00	02/04/2013	310.00	02/04/2013	10/17/2014	10	02/26/2015	456633	12182	10554.97	01/01/0001	-324.79	40.00						
HANK43	SOLDOUT	HANKOOK 265/70R17 RH12 10PR		HANKOO			NEW TIRES		0.00	0.00	0	0	0	0	139.36	13.00	157.48	175.00	06/05/2012	165.00	06/05/2012	08/25/2014	0	01/17/2015	456494	10651	35841.00	01/01/0001	5860.83	223.00						
HANK44	SOLDOUT	HANKOOK 245/70R17 RH12 10PR		HANKOO			NEW TIRES		0.00	0.00	0	0	0	0	127.83	13.00	144.45	165.00	08/16/2012	155.00	08/16/2012	03/17/2014	0	01/17/2015	447793	11328	33473.00	01/01/0001	4680.92	230.00						
HANK45	SOLDOUT	HANKOOK 265/75R16 RH03 10PR		HANKOO			NEW TIRES		0.00	0.00	0	0	0	0	136.39	13.00	154.12	160.00	10/27/2011	150.00	10/27/2011	08/16/2012	0	01/17/2015	442277	8918	12524.00	01/01/0001	1668.09	94.00						
HANK48	12R22.5	HANKOOK 12R22.5 AM06 16PR		HANKOO			NEW TIRES		0.00	0.00	0	0	0	0	429.59	13.00	485.43	510.00	10/17/2011	485.00	10/17/2011	01/14/2015	16	01/17/2015	458414	12522	0.00	01/01/0001	-17183.60	40.00						
HANK49	11R24.5	HANKOOK 11R24.5 AL07+ 14PR		HANKOO			NEW TIRES		0.00	0.00	4	0	0	0	374.94	13.00	423.68	445.00	10/03/2014	425.00	09/24/2014	01/08/2015	4	01/21/2015	0	12182	0.00	01/01/0001	0.00	0.00						
HANK50	315/80R22.5	HANKOOK 315/80R22.5 AM06 20PR		HANKOO			NEW TIRES		0.00	0.00	9	0	0	0	458.12	13.00	517.67	550.00	07/28/2014	525.00	07/28/2014	01/08/2015	11	01/23/2015	458288	12182	2750.00	01/01/0001	459.40	5.00						
HANK51	SOLDOUT	HANKOOK 245/75R17 RH10 12PR		HANKOO		..	NEW TIRES		0.00	0.00	0	0	0	0	138.18	13.00	156.14	165.00	11/26/2013	155.00	11/26/2013	03/17/2014	0	01/17/2015	445577	11328	65206.00	01/01/0001	10507.47	410.00						
HANK52	11R22.5	HANKOOK 11R22.5 AH12 LRG		HANKOO			NEW TIRES		0.00	0.00	10	0	0	0	335.64	13.00	379.27	400.00	02/04/2013	380.00	02/04/2013	02/11/2015	10	02/09/2015	457798	12616	39501.46	01/01/0001	-3609.08	139.00						
HANK89	SOLDOUT	HANKOOK 245/75R16 RH12 10PR		ACME			NEW TIRES		0.00	0.00	0	-4	0	0	131.00	13.00	148.03	155.00	08/16/2012	145.00	08/16/2012	07/07/2014	0	01/17/2015	444887	11748	11684.00	01/01/0001	1809.82	88.00						
HANKOOK01	295/75R22.5	HANKOOK 295/75R22.5 TL01 14PR		HANKOO			NEW TIRES		0.00	0.00	0	0	0	0	290.62	13.00	328.40	325.00	07/24/2014	305.00	07/24/2014	11/07/2014	0	02/24/2015	453616	9731	70794.00	01/01/0001	6786.90	255.00						
HANKOOK11	1000R22	HANKOOK 1000R22 F26A					NEW TIRES		0.00	0.00	1	0	0	0	1.00	13.00	1.13	230.00		230.00		09/29/2014	1	02/26/2015	0	0	0.00	05/13/2007	0.00	0.00						
HANKOOK115	11R22.5	HANKOOK 11R22.5 DL11 TRACC 14P		HANKOO			NEW TIRES		0.00	0.00	16	0	0	0	367.31	13.00	415.06	365.00	07/24/2014	365.00	07/24/2014	02/11/2015	16	02/09/2015	417280	9981	1880.00	01/01/0001	-8494.44	28.00						
HANKOOK14	11R22.5	HANKOOK 11R22.5 TL01 14PR		HANKOO		71545923095	NEW TIRES		0.00	0.00	3	0	0	0	290.62	13.00	328.40	320.00	07/24/2014	300.00	07/24/2014	02/11/2015	3	02/09/2015	455902	10903	170750.00	05/13/2007	22286.85	640.00	TRAILER					
HANKOOK17	285/75R24.5	HANK 285/75R24.5  TL01  14PR		HANKOO		715459230983	NEW TIRES		0.00	0.00	0	-2	0	0	317.33	13.00	358.58	325.00	07/24/2014	305.00	07/24/2014	11/07/2014	0	01/17/2015	449251	9660	29950.00	05/13/2007	3601.88	110.00	TRAILER					
HANKOOK19	225/70R19.5	HANKOOK 225/70R19.5 AH11 12P		HANKOO			NEW TIRES		0.00	0.00	8	0	0	0	212.90	13.00	240.57	255.00	01/30/2014	240.00	01/30/2014	12/30/2014	8	02/19/2015	457061	12182	980.00	01/01/0001	128.40	4.00						
HANKOOK195	245/70R19.5	HANKOOK 245/70R19.5 AH11 14P		HANKOO			NEW TIRES		0.00	0.00	1	0	0	0	253.51	13.00	286.46	305.00	10/14/2010	285.00	10/14/2010	09/23/2014	1	01/17/2015	451498	12071	1188.00	01/01/0001	-333.06	6.00						
HANKOOK21	10R22.5	HANKOOK 10R22.5 AH12 LRG		HANKOO			NEW TIRES		0.00	0.00	9	0	0	0	320.91	13.00	362.62	385.00	02/04/2013	365.00	02/04/2013	09/29/2014	10	01/17/2015	457646	12071	7307.00	01/01/0001	1088.31	24.00						
HANKOOK225	225/75R16	HANKOOK 225/75R16 RH12 10PR		HANKOO		2001831	NEW TIRES		0.00	0.00	2	0	0	0	110.57	13.00	124.94	135.00	11/26/2013	125.00	11/26/2013	09/15/2014	2	01/29/2015	451567	10903	10243.66	01/01/0001	1076.66	86.00						
HANKOOK235	SOLDOUT	HANKOOK 235/75R17 RF08					NEW TIRES		0.00	0.00	0	0	0	0	122.54	13.00	138.47	149.00	01/31/2012	139.00	09/01/2011	04/26/2013	0	01/17/2015	453084	0	4314.00	01/01/0001	637.80	30.00						
HANKOOK295	385/65R22.5	HANKOOK 385/65R22.5 AH15 18PR		HANKOO			NEW TIRES		0.00	0.00	16	0	0	0	530.74	13.00	599.73	630.00	10/17/2014	600.00	10/17/2014	02/09/2015	17	02/11/2015	458657	12616	8848.64	01/01/0001	-5069.82	32.00						
HANKOOK45	215/85R16	HANKOOK 215/85R16 RH12 10PR		HANKOO		2001832	NEW TIRES		0.00	0.00	18	0	0	0	106.98	13.00	120.88	140.00	10/27/2011	130.00	10/27/2011	02/09/2015	0	01/29/2015	457893	12616	49313.00	01/01/0001	9348.48	393.00						
HANKOOK46	235/85R16	HANKOOK 235/85R16 RH12 10PR		HANKOO			NEW TIRES		0.00	0.00	0	0	0	0	116.35	13.00	131.47	145.00	08/16/2012	135.00	08/16/2012	09/15/2014	0	01/29/2015	445392	10651	34019.00	01/01/0001	5694.05	270.00						
HARVEST11	11L16	HARVEST 11L16 F-3 8PR		TREADWAYS			NEW TIRES		0.00	0.00	5	0	0	0	90.68	13.00	102.46	120.00	10/01/2012	110.00	10/01/2012	10/21/2014	0	09/22/2014	457367	12196	1260.00	01/01/0001	262.52	11.00						
HONOUR125	SOLDOUT	HONOUR 12-16.5 12PR G2/L2		QINGDA			NEW TIRES		0.00	0.00	2	0	30	0	88.65	13.00	100.17	150.00	04/01/2013	140.00	04/01/2013	12/12/2012	2	11/11/2013	417384	9519	78748.00	01/01/0001	19704.98	575.00						
HONOUR14	SOLDOUT	HONOUR 14-17.5 L-2 14PR		CHINESE			NEW TIRES		0.00	0.00	0	0	0	0	168.19	13.00	190.05	300.00	11/30/2012	275.00	11/30/2012	05/03/2012	0	11/11/2013	413147	7259	16811.00	01/01/0001	5710.46	66.00						
HONOUR1400	1400-24	SPEEDWAYS 1400-24 16PR G2/L2		TGI			NEW TIRES		0.00	0.00	0	0	12	0	359.95	13.00	406.74	440.00	01/28/2013	400.00	01/28/2013	09/05/2014	0	01/17/2015	448693	10841	27450.00	01/01/0001	5933.27	58.00						
HONOUR165	SOLDOUT	HONOUR 10-16.5 10P G2/L2		QINGDA			NEW TIRES		0.00	0.00	0	0	0	0	77.41	13.00	87.47	120.00	07/12/2012	105.00	01/28/2013	12/12/2012	0	11/11/2013	427105	9519	24030.00	01/01/0001	6361.64	215.00						
HONOUR2052	SOLDOUT	POWERKING 20.5-25 L-2 16PR		TREADWAYS			NEW TIRES		0.00	0.00	0	0	20	0	623.29	13.00	704.32	800.00	01/22/2014	725.00	01/22/2014	11/26/2014	0	12/12/2014	442980	11117	69675.00	01/01/0001	15271.31	77.00						
HONOUR2053	SOLDOUT	HONOUR 20.5-25 20PR E3/L3		QINGDA			NEW TIRES		0.00	0.00	0	-4	20	0	686.71	13.00	775.98	990.00	01/28/2013	890.00	01/28/2013	01/22/2014	0	02/13/2014	436389	9519	131640.00	01/01/0001	39855.95	126.00						
HOUR01	HOURS	HOURS OF WORK					MOUNTS		0.00	0.00	0	0	0	0	22.50	13.00	25.42	45.00		45.00		01/28/2008	0	01/28/2008	433979	0	4320.00	01/01/0001	2452.50	83.00						
JINYU1000	1000R20	JINYU 1000R20 LUG 18PR SET		TGI			NEW TIRES		0.00	0.00	1	0	0	0	284.54	13.00	321.53	340.00		320.00		10/27/2014	1	02/26/2015	454598	12220	680.00	01/01/0001	110.92	2.00						
KING	KING PIN	KING PIN JOB					ALIGNMENT		0.00	0.00	0	0	0	0	1.00	13.00	1.13	0.00		0.00			0		449195	0	25347.62	05/13/2007	25321.62	26.00						
LABOR	LABOR	LABOR					MOUNTS		0.00	0.00	0	0	0	0	1.00	13.00	1.13	50.00	07/07/2011	50.00	07/07/2011		-2585	10/26/2012	458881	0	238980.21	05/13/2007	235578.21	3405.00						
LABOR01	LABOR	LABOR01					MOUNTS		0.00	0.00	0	0	0	0	0.00	13.00	0.00	50.00		50.00		05/10/2013	0	05/10/2013	458335	0	1090.00	01/01/0001	1090.00	18.00						
LANDE650	650-10	CARLISLE 650-10 LUG 10PR		TGI			NEW TIRES		0.00	0.00	9	0	0	0	74.95	13.00	84.69	89.00	03/14/2014	74.00	03/14/2014	01/23/2015	8	01/17/2015	457334	9672	16606.00	01/01/0001	2161.35	187.00						
LANDE900	900-20	ARMOUR 900-20 LUG 14PR		MITCO		3973000L	NEW TIRES		0.00	0.00	5	0	0	0	177.71	13.00	200.81	240.00	09/17/2014	220.00	09/17/2014	09/16/2014	5	01/17/2015	450793	12039	240.00	01/01/0001	62.29	1.00						
LANDSAIL235	235/70R16	LANDSAIL 235/70R16 CLV2 106H		ACME		690053217152	NEW TIRES		0.00	0.00	5	0	0	0	70.00	13.00	79.10	85.00	02/24/2015	80.00	02/24/2015	02/24/2015	0	02/05/2015	458285	12679	225.00	01/01/0001	33.00	3.00						
LEAO 03	315/80R22.5	LINGLONG 315/80R22.5 HWY 18P		TIREMAST			NEW TIRES		0.00	0.00	0	0	0	0	247.00	13.00	279.11	340.00	03/04/2013	320.00	03/04/2013	01/08/2015	0	01/23/2015	443074	6283	8693.66	01/01/0001	1347.75	31.00						
LEAO07	255/70R22.5	LEAO 255/70R22.5  HWY 16PR		UNIVERSAL			NEW TIRES		0.00	0.00	1	0	0	0	178.00	13.00	201.14	220.00	06/18/2014	200.00	06/18/2014	07/02/2014	1	02/26/2015	447246	11735	68036.00	01/01/0001	10224.66	324.00						
LEAO15	SOLDOUT	DOUBLESTAR 11R24.5 TRACC CS768		LLANTAS			NEW TIRES		0.00	0.00	7	0	0	0	225.00	13.00	254.25	300.00	12/13/2013	280.00	12/13/2013	05/28/2014	7	06/16/2014	443355	10963	74129.00	01/01/0001	11744.43	262.00						
LEAO225	225/70R19.5	LEAO 225/70R19.5 F820 14PR		UNIVERSAL		L2018	NEW TIRES		0.00	0.00	0	0	0	0	119.00	13.00	134.47	150.00	01/30/2014	140.00	01/30/2014	12/30/2014	0	02/19/2015	455090	12001	2110.00	01/01/0001	197.12	16.00						
LEAO235	235/75R17.5	LEAO 235/75R17.5 HWY 16PR		VIPAL		L2010	NEW TIRES		0.00	0.00	6	0	0	0	138.55	13.00	156.56	170.00	01/31/2012	155.00	09/01/2011	02/05/2015	0	02/05/2015	0	12607	0.00	01/01/0001	0.00	0.00						
LEAO24.5	11R24.5	LEAO 11R24.5 D37 LUG 14PR		UNIVERSAL		L2090	NEW TIRES		0.00	0.00	1	0	0	0	258.39	13.00	291.98	285.00	10/03/2014	265.00	10/03/2014	01/08/2015	1	01/21/2015	446594	11734	4075.00	01/01/0001	715.93	13.00						
LEAO295	295/75R22.5	DURUN 295/75R22.5 LUG 14PR YT6		DURUN			NEW TIRES		0.00	0.00	2	0	0	0	208.48	13.00	235.58	260.00	11/21/2014	240.00	11/21/2014	11/07/2014	2	02/24/2015	452481	9873	107690.00	01/01/0001	15958.54	377.00						
LEAO816	225/45R17	NEXEN 225/45R17 NEXEN		UNIVERSAL			NEW TIRES		0.00	0.00	3	0	0	0	235.23	13.00	265.81	100.00	03/21/2014	100.00	03/21/2014	11/26/2013	3	01/17/2015	434524	10915	2480.00	01/01/0001	127.70	10.00						
LGUARD105	10.5/80-18	LGUARD 10.5/80-18 R4 TL 10PR		UNIVERSAL		19322L	NEW TIRES		0.00	0.00	1	0	0	0	83.09	13.00	93.89	105.00	11/07/2014	95.00	01/31/2012	11/07/2014	0	11/07/2014	455398	12281	105.00	01/01/0001	21.91	1.00						
LGUARD12	SOLDOUT	L-GUARD 12-16.5 12P TL L201		CHINESE			NEW TIRES		0.00	0.00	0	0	0	0	95.00	13.00	107.35	160.00	07/09/2013	135.00	07/11/2013	07/09/2013	0	11/11/2013	428581	10296	4245.00	01/01/0001	1490.00	29.00						
LGUARD12.5	12.5/80-18	SECURITY 12.5/80-18 12PR R4		UNIVERSAL			NEW TIRES		0.00	0.00	1	0	0	0	179.00	13.00	202.27	220.00	10/14/2010	200.00	10/14/2010	11/07/2014	3	01/17/2015	455172	12281	15340.00	01/01/0001	3843.00	74.00						
LGUARD14	14X4-1/2X8	L-GUARD 14X4-1/2x8 LUG		LGUARD			NEW TIRES		0.00	0.00	11	0	0	0	33.09	13.00	37.39	69.00	11/07/2014	59.00	11/07/2014	12/15/2014	13	01/17/2015	456805	12287	354.00	01/01/0001	155.46	6.00						
LGUARD16	16X5X10-1/2	L-GUARD 16x5x10-1/2 LUG		LGUARD			NEW TIRES		0.00	0.00	18	0	0	0	43.29	13.00	48.92	80.00	11/07/2014	70.00	11/07/2014	01/12/2015	18	02/27/2015	458278	12287	420.00	01/01/0001	160.26	6.00						
LGUARD161	16-1/4X5X11-1/4	LGUARD 16-1/4X5X11-1/4 SM		LGUARD			NEW TIRES		0.00	0.00	12	0	0	0	39.89	13.00	45.07	82.00	03/27/2014	70.00	03/27/2014	12/15/2014	16	01/19/2015	458594	12287	280.00	01/01/0001	120.44	4.00						
LGUARD166	16X6X10-1/2	L-GUARD 16x6x10-1/2 LUG		LGUARD			NEW TIRES		0.00	0.00	8	0	0	0	51.68	13.00	58.40	95.00	11/07/2014	85.00	11/07/2014	12/15/2014	8	02/27/2015	457855	12287	740.00	01/01/0001	326.56	8.00						
LGUARD18	18X6X12-1/8	L-GUARD 18x6x12-1/8 LUG		LGUARD			NEW TIRES		0.00	0.00	10	0	0	0	60.63	13.00	68.51	110.00	11/07/2014	101.00	11/07/2014	11/07/2014	14	01/17/2015	457860	12287	680.00	01/01/0001	194.96	8.00						
LGUARD186	18X6X12-1/8	L-GUARD 18x6x12-1/8 SMOOTH		LGUARD			NEW TIRES		0.00	0.00	14	0	0	0	60.63	13.00	68.51	110.00		101.00		11/07/2014	16	01/17/2015	458350	12287	220.00	01/01/0001	98.74	2.00						
LGUARD21	21X8X15	LGUARD 21X8X15 LUG		LGUARD			NEW TIRES		0.00	0.00	29	0	0	0	100.98	13.00	114.11	185.00	11/07/2014	162.00	11/07/2014	11/07/2014	29	01/17/2015	455334	12287	694.00	01/01/0001	290.08	4.00						
LGUARD300	300-15	LGUARD 300X15 8inch L-301		LGUARD			NEW TIRES		0.00	0.00	8	0	0	0	354.62	13.00	400.72	520.00	04/01/2013	498.00	04/01/2013	11/07/2014	8	01/17/2015	0	12287	0.00	01/01/0001	0.00	0.00						
LGUARD500	500-8	L-GUARD 500x8 LUG 3inch		LGUARD			NEW TIRES		0.00	0.00	28	0	0	0	53.15	13.00	60.06	91.00	11/07/2014	81.00	11/07/2014	11/07/2014	28	02/27/2015	458893	12287	486.00	01/01/0001	167.10	6.00						
LGUARD600	600-9	L-GUARD 600x9 LUG 4inch		LGUARD			NEW TIRES		0.00	0.00	70	0	0	0	77.07	13.00	87.08	130.00	11/07/2014	120.00	11/07/2014	01/23/2015	78	01/27/2015	458910	12287	1500.00	01/01/0001	421.02	14.00						
LGUARD825	825-15	LGUARD 825X15/6.5inch L-301		LGUARD			NEW TIRES		0.00	0.00	41	0	0	0	247.52	13.00	279.69	425.00	11/07/2014	400.00	11/07/2014	11/07/2014	47	01/17/2015	457264	12287	2550.00	01/01/0001	1064.88	6.00						
LINGLONG20	SOLDOUT	LINGLONG 20.5R25 L3		TIREMAST			NEW TIRES		0.00	0.00	0	0	0	0	1279.00	13.00	1445.27	1541.00	03/16/2011	0.00	03/16/2011	10/14/2011	0	11/11/2013	387543	7367	3082.00	01/01/0001	524.00	2.00						
LINGLONG24.5	11R24.5	LINGLONG 11R24.5 F-16 14PLY		CHINESE			NEW TIRES		0.00	0.00	7	0	0	0	290.39	13.00	328.14	295.00	10/03/2014	265.00	10/03/2014	01/08/2015	7	01/21/2015	439720	8778	15700.00	01/01/0001	1651.28	48.00						
LUNA900	900-20	LUNA 900-20 14PR HWY SET LT223		TGI			NEW TIRES		0.00	0.00	0	0	0	0	160.13	13.00	180.94	200.00	04/11/2011	180.00	04/11/2011	01/16/2015	7	01/17/2015	458829	12533	3700.00	01/01/0001	682.03	19.00						
LUNA9020	900-20	LUNA 900-20 14PR LUG SET LT117		TGI			NEW TIRES		0.00	0.00	2	0	0	0	180.13	13.00	203.54	220.00	04/11/2011	205.00	04/11/2011	01/23/2015	0	01/23/2015	0	12563	0.00	01/01/0001	0.00	0.00						
LUNASET12	1200-20	LUNASET 1200-20 HWY 18PR		TGI		TGI	NEW TIRES		0.00	0.00	0	0	0	0	252.13	13.00	284.90	305.00	10/21/2014	285.00	10/14/2010	02/17/2015	0	02/26/2015	456373	12203	2180.00	01/01/0001	415.09	7.00						
MAINE165	16X5X10-1/2	MAINE 16X5X10-1/2 GREY SM NM		MAIN		20003925	NEW TIRES		0.00	0.00	0	0	0	0	108.79	13.00	122.93	145.00	05/29/2014	135.00	05/29/2014	01/12/2015	0	02/27/2015	450606	11590	2160.00	01/01/0001	438.44	16.00						
MAINE217	21X7X15	MAINE 21X7X15 LUG GREY NM		MAIN		20001053	NEW TIRES		0.00	0.00	2	0	0	0	175.20	13.00	197.97	225.00	10/14/2010	205.00	10/14/2010	02/17/2015	2	02/16/2015	450606	11590	410.00	01/01/0001	59.60	2.00						
MARCHER11	11-22.5	MARCHER 11-22.5 TL 14PR		ARGUS			NEW TIRES		0.00	0.00	45	0	0	0	130.00	13.00	146.90	170.00	10/03/2014	150.00	10/03/2014	03/28/2013	45	01/17/2015	455985	9959	12797.50	01/01/0001	1487.50	87.00						
MASTERCRAFT	8-17.5	MASTERCRAFT 8-17.5 HWY					NEW TIRES		0.00	0.00	1	0	0	0	0.00	13.00	0.00	45.00		45.00		05/05/2011	1	01/17/2015	0	0	0.00	01/01/0001	0.00	0.00						
MEDITERRANEA11	11L16	ANJIE 11L16 F-3 10PR		RUSO		748000	NEW TIRES		0.00	0.00	2	0	0	0	98.16	13.00	110.92	130.00	04/03/2014	110.00	10/01/2012	09/05/2014	3	09/21/2014	457570	11950	695.00	01/01/0001	106.04	6.00						
MICH00	275/80R22.5	MICH 275/80R22.5 XDA5 LRG		MICHEL			NEW TIRES		0.00	0.00	0	0	10	0	575.29	13.00	650.07	680.00	10/17/2011	640.00	10/17/2011	08/14/2014	0	02/13/2015	449335	11891	5635.00	05/14/2007	-141419.08	289.00						
MICH01	11R22.5	MICH 11R22.5 XDA5  LRG		MICHEL		73154	NEW TIRES		0.00	0.00	73	0	8	0	561.23	13.00	634.18	690.00	10/17/2011	650.00	10/17/2011	02/11/2015	83	02/09/2015	458366	12500	24290.00	01/01/0001	-475269.76	879.00						
MICH02	315/80R22.5	MICH 315/80R22.5 XZA2 LRL		MICHEL			NEW TIRES		0.00	0.00	17	0	0	0	692.83	13.00	782.89	950.00	04/01/2013	890.00	04/01/2013	01/08/2015	21	01/23/2015	458599	12450	122178.30	01/01/0001	-205817.56	449.00						
MICH06	455/55R22.5	MICH 455/55R22.5 XDN2 20PR		MICHEL			NEW TIRES		0.00	0.00	5	-2	5	0	1021.04	13.00	1153.77	1280.00	10/17/2011	1200.00	10/17/2011	01/23/2015	7	01/17/2015	458144	12562	15140.00	05/13/2007	-37925.06	55.00						
MICH08	225/70R19.5	MICH 22570R19.5 XZE 12P		MICHEL			NEW TIRES		0.00	0.00	8	0	4	0	341.32	13.00	385.69	400.00	10/17/2011	375.00	04/01/2013	01/23/2015	10	02/19/2015	458864	12588	59535.00	05/13/2007	-28485.71	322.00						
MICH100	WHEEL	X-ONE 22.5-14 HUB PILOT		MICHEL					0.00	0.00	1	0	0	0	342.00	13.00	386.46	390.00	07/09/2010	390.00	07/09/2010	10/28/2011	1	02/12/2015	430898	4833	2220.00	05/13/2007	-5300.00	22.00						
MICH101	WHEEL	X-ONE 22.5-14 STUD PILOT		MICHEL					0.00	0.00	1	0	0	0	366.00	13.00	413.58	420.00	07/01/2010	420.00	07/01/2010	10/28/2011	1	02/12/2015	437377	4833	400.00	05/13/2007	-306.00	2.00						
MICH106	11R24.5	MICH 11R24.5 XZA3 LRG		MICHEL		27983	NEW TIRES		0.00	0.00	6	0	0	0	542.19	13.00	612.67	670.00	04/01/2013	630.00	04/01/2013	01/23/2015	2	01/21/2015	429936	12588	12030.00	01/01/0001	-25196.14	70.00						
MICH112	255/80R22.5	MICHELIN 255/80R22.5 XRV 14PR		MICHEL			NEW TIRES		0.00	0.00	0	0	0	0	480.60	13.00	543.07	580.00	04/01/2013	545.00	04/01/2013	11/07/2014	1	01/17/2015	458503	12283	10990.00	01/01/0001	-4683.22	34.00						
MICH115	385/65R22.5	MICH 385/65R22.5 XFE 20PR		MICHEL			NEW TIRES		0.00	0.00	4	0	4	0	800.67	13.00	904.75	960.00	04/01/2013	900.00	04/01/2013	02/13/2015	0	02/11/2015	445660	12638	6670.00	01/01/0001	-133796.28	205.00						
MICH118	445/50R22.5	MICH 445/50R22.5 XDN2 20PR		MICHEL			NEW TIRES		0.00	0.00	1	0	0	0	1046.60	13.00	1182.65	1255.00	04/01/2013	1180.00	04/01/2013	09/29/2014	1	02/04/2015	456299	12092	16950.00	01/01/0001	-65005.11	81.00						
MICH121	275/70R22.5	MICHELIN 275/70R22.5 XZA2 LRJ		MICHEL			NEW TIRES		0.00	0.00	0	0	0	0	516.51	13.00	583.65	615.00	04/01/2013	580.00	04/01/2013	02/13/2015	0	02/03/2015	458248	12638	33459.98	01/01/0001	-9319.80	89.00	DRIVE					
MICH122	295/60R22.5	MICH 295/60R22.5 XZA2 LRJ		MICHEL			NEW TIRES		0.00	0.00	0	0	0	0	388.05	13.00	438.50	750.00	02/10/2015	750.00	02/10/2015	01/06/2012	2	01/19/2015	457880	4972	9790.00	01/01/0001	4717.46	14.00						
MICH1223	225/75R16	MICH 225/75R16 LTX M/S2 LRE		ITCO			NEW TIRES		0.00	0.00	4	0	0	0	179.73	13.00	203.09	235.00	10/17/2011	220.00	10/17/2011	09/15/2014	4	01/29/2015	437701	11165	11012.28	01/01/0001	-43134.70	321.00						
MICH125	19.5LR24	MICHELIN 19.5LR24 20PR XMCL R4		MICHEL		500/70R24TL	NEW TIRES		0.00	0.00	0	0	0	0	1008.00	13.00	1139.04	1210.00	03/05/2012	1140.00	03/05/2012	04/22/2014	0	01/17/2015	446056	8070	6675.00	01/01/0001	-3295.00	15.00						
MICH132	275/70R22.5	MICHELIN 275/70R22.5 XZU2 LRJ		MICHEL			NEW TIRES		0.00	0.00	0	0	0	0	520.37	13.00	588.01	620.00	04/01/2013	585.00	04/01/2013	08/22/2014	0	02/03/2015	448321	11931	5447.00	01/01/0001	-14797.99	43.00	DRIVE					
MICH14	23.5-25	MICH 23.5R25 XHA2 L3 1-STAR		MICHEL			NEW TIRES		0.00	0.00	0	0	0	0	3801.11	13.00	4295.25	4560.00	04/01/2013	4295.00	10/17/2011	12/30/2014	0	11/09/2014	433138	7450	33560.00	05/13/2007	-2562.00	11.00						
MICH141	11R24.5	MICH 11R24.5 XZY3 LRH		MICHEL		79250	NEW TIRES		0.00	0.00	0	0	0	0	612.11	13.00	691.68	730.00	04/01/2013	690.00	04/01/2013	01/08/2015	0	01/21/2015	456243	11988	6960.00	01/01/0001	-72939.89	134.00						
MICH144	265/70R19.5	MICHELIN 265/70R19.5 XZE2 LRG		MICHEL			NEW TIRES		0.00	0.00	0	0	0	0	497.40	13.00	562.06	600.00	10/17/2011	570.00	10/17/2011	09/04/2014	0	01/17/2015	449422	11988	5402.00	01/01/0001	-3500.42	20.00						
MICH145	275/80R24.5	MICH 275/80R24.5 XZA3 LRG		MICHEL		28791	NEW TIRES		0.00	0.00	0	0	0	0	542.03	13.00	612.49	655.00	10/17/2011	615.00	04/01/2013	09/17/2014	0	01/17/2015	451760	12042	19928.00	01/01/0001	-20312.83	78.00						
MICH174	11R24.5	MICH 11R24.5 XT-1 LRG		MICHEL		22754	NEW TIRES		0.00	0.00	6	0	0	0	540.34	13.00	610.58	650.00	03/21/2011	610.00	03/21/2011	01/08/2015	10	01/21/2015	457202	8629	0.00	01/01/0001	-11887.48	26.00						
MICH179	235/80R22.5	MICHELIN 235/80R22.5 XRV LRG		MICHEL			NEW TIRES		0.00	0.00	0	0	0	0	379.76	13.00	429.12	455.00	04/01/2013	430.00	04/01/2013	10/31/2014	4	01/17/2015	457593	12257	6535.00	01/01/0001	-9783.64	43.00						
MICH181	20.5R25	MICHELIN 20.5R25 XHA2 24PR		MICHEL			NEW TIRES		0.00	0.00	0	0	0	0	2771.68	13.00	3131.99	3300.00	04/01/2013	3100.00	04/01/2013	11/26/2014	0	01/19/2015	430505	10884	25900.00	01/01/0001	3164.58	10.00						
MICH19	SOLDOUT	MICH 10R22.5 XZE LRG		MICHEL			NEW TIRES		0.00	0.00	0	0	0	0	414.83	13.00	468.76	585.00	10/17/2011	550.00	10/17/2011	01/06/2012	0	11/11/2013	374018	5249	13979.88	05/13/2007	-5900.53	53.00						
MICH195	12.5/80-18	MICH 335/80R18 XZSL 14PR		MICHEL			NEW TIRES		0.00	0.00	2	0	0	0	626.85	13.00	708.34	750.00	04/01/2013	710.00	04/01/2013	03/03/2011	2	01/17/2015	426495	6094	0.00	01/01/0001	-1253.70	2.00						
MICH200	255/40ZR19	MICHELIN 255/40ZR19					NEW TIRES		0.00	0.00	2	0	0	0	160.00	13.00	180.80	160.00	06/05/2007	160.00	06/05/2007	12/08/2008	2	01/17/2015	0	0	0.00	01/01/0001	0.00	0.00						
MICH201	275/80R24.5	MICH 275/80R24.5 XZE2 LRG		MICHEL			NEW TIRES		0.00	0.00	4	0	0	0	513.23	13.00	579.94	605.00	04/01/2013	570.00	04/01/2013	02/13/2015	0	01/17/2015	455675	12638	4060.00	01/01/0001	-5032.06	19.00						
MICH205	SOLDOUT	MICHELIN 1400R24 XGLA2 16PR		MICHEL			NEW TIRES		0.00	0.00	0	0	0	0	1232.84	13.00	1393.11	1470.00	04/01/2013	1390.00	04/01/2013	07/27/2012	0	11/11/2013	422922	8816	4298.00	01/01/0001	-6824.60	12.00						
MICH212	245/75R16	MICH 245/75R16 LTX M/S LRE		MICHEL		22606	NEW TIRES		0.00	0.00	0	-2	0	0	187.66	13.00	212.05	225.00	10/17/2011	215.00	10/17/2011	11/04/2011	0	01/29/2015	435234	7491	11340.36	01/01/0001	-8637.74	118.00						
MICH24	11R22.5	MICH 11R22.5 XZE2 14PR		MICHEL		78390	NEW TIRES		0.00	0.00	29	1	8	0	501.23	13.00	566.38	600.00	04/01/2013	560.00	04/01/2013	02/11/2015	29	02/09/2015	457529	12562	206328.82	05/13/2007	-281261.93	1268.00						
MICH245	10R17.5	MICHELIN 10R17.5 XZA LRG		MICHEL			NEW TIRES		0.00	0.00	2	0	0	0	375.49	13.00	424.30	455.00	07/16/2013	425.00	07/16/2013	09/29/2014	2	01/17/2015	448206	10346	4707.00	01/01/0001	-2301.26	22.00						
MICH25	11R24.5	MICH 11R24.5 XZE2  16PR		MICHEL			NEW TIRES		0.00	0.00	0	2	0	0	541.17	13.00	611.52	670.00	04/01/2013	630.00	04/01/2013	01/08/2015	0	01/21/2015	455181	12025	31838.09	05/13/2007	-10458.30	96.00						
MICH255	255/70R22.5	MICH 255/70R22.5 XD2 16PLY		MICHEL		74493	NEW TIRES		0.00	0.00	0	0	0	0	479.68	13.00	542.03	575.00	03/04/2013	545.00	04/04/2014	04/21/2014	0	02/26/2015	441207	11442	2875.00	01/01/0001	-1442.12	9.00						
MICH26	SOLDOUT	MICH 8R19.5 XZA 12P		MICHEL		86699608932	NEW TIRES		0.00	0.00	0	0	0	0	277.86	13.00	313.98	395.00	10/17/2011	370.00	10/17/2011	12/02/2010	0	01/17/2015	414765	3666	1776.28	05/13/2007	111.24	7.00						
MICH27	315/80R22.5	MICH 315/80R22.5 XDE2 20PR		MICHEL			NEW TIRES		0.00	0.00	1	0	0	0	510.33	13.00	576.67	800.00	07/29/2014	800.00	07/29/2014	01/08/2015	1	01/23/2015	434572	9291	1190.00	01/01/0001	-5844.82	14.00						
MICH2758	275/80R22.5	MICH 275/80R22.5 XTE LRG		MICHEL			NEW TIRES		0.00	0.00	0	0	0	0	441.64	13.00	499.05	530.00	04/01/2013	500.00	04/01/2013	01/17/2014	0	02/13/2015	450533	11102	0.00	01/01/0001	-43541.12	98.00	DRIVE					
MICH27580	275/80R22.5	MICH 275/80R22.5 XDN2 LRG		MICHEL		63465	NEW TIRES		0.00	0.00	8	0	0	0	521.23	13.00	588.98	610.00	10/17/2011	570.00	04/01/2013	01/08/2015	8	02/13/2015	457164	12500	2980.00	01/01/0001	-152258.04	305.00	DRIVE					
MICH278	275/80R24.5	MICH 275/80R24.5 XDN2 LRG		MICHEL		42564	NEW TIRES		0.00	0.00	0	0	0	0	545.71	13.00	616.65	640.00	07/30/2014	610.00	07/30/2014	11/18/2011	4	01/17/2015	458686	7551	4960.00	01/01/0001	-5954.20	20.00						
MICH29	1200R24	MICH 1200R24 XZY 18 PLY		MICHEL			NEW TIRES		0.00	0.00	0	0	0	0	743.88	13.00	840.58	900.00	10/17/2011	850.00	10/17/2011	02/17/2015	0	02/26/2015	449926	12123	4000.00	05/13/2007	279.64	6.00						
MICH295	295/80R22.5	MICHELIN 295/80R22.5 XZA2		MICHEL			NEW TIRES		0.00	0.00	4	0	1	0	662.86	13.00	749.03	800.00	10/17/2011	755.00	10/17/2011	05/30/2014	4	01/17/2015	442766	11595	41641.60	01/01/0001	1612.69	65.00						
MICH30	275/80R22.5	MICH 275/80R22.5 XZE2 14PR		MICHEL		55895	NEW TIRES		0.00	0.00	7	0	4	0	493.23	13.00	557.34	590.00	04/01/2013	560.00	04/01/2013	01/23/2015	11	02/13/2015	457665	12562	40545.00	05/13/2007	-256547.61	651.00						
MICH315	315/80R22.5	MICH 315/80R22.5 XZU2 LRL		MICHEL		77510	NEW TIRES		0.00	0.00	0	0	0	0	810.41	13.00	915.76	970.00	01/28/2013	910.00	01/28/2013	01/08/2015	0	01/23/2015	447773	10294	0.00	01/01/0001	-1620.82	2.00						
MICH32	SOLDOUT	MICHELIN 425/65R22.5 XZUS LRL		MICHEL			NEW TIRES		0.00	0.00	0	0	0	0	1039.96	13.00	1175.15	1250.00	10/17/2011	1175.00	10/17/2011	02/26/2013	0	11/11/2013	406909	8854	6550.00	01/01/0001	-1332.85	9.00						
MICH33	455/55R22.5	MICH 455/55R22.5 XTE 20PR		MICHEL		86699827913	NEW TIRES		0.00	0.00	4	0	0	0	1025.04	13.00	1158.29	1240.00	04/01/2013	1170.00	10/17/2011	01/08/2015	8	01/17/2015	458087	12500	8450.00	05/13/2007	-51780.89	65.00						
MICH34	SOLDOUT	MICH 11R22.5 XDN2 14P		MICHEL		086699728050	NEW TIRES		0.00	0.00	0	-7	0	5	515.27	13.00	582.26	560.00	04/01/2013	530.00	04/01/2013	04/22/2014	0	04/23/2014	428373	11376	212568.16	05/13/2007	-35448.07	604.00						
MICH38	425/65R22.5	MICH 425/65R22.5 XZY3 20PR		TCI			NEW TIRES		0.00	0.00	0	0	0	0	856.77	13.00	968.15	1040.00	10/17/2011	975.00	10/17/2011	09/15/2014	1	01/17/2015	458680	12032	43730.00	05/13/2007	-16083.49	83.00						
MICH40	245/70R19.5	MICH 245/70R19.5 XZE  LRH		MICHEL			NEW TIRES		0.00	0.00	1	0	0	0	368.87	13.00	416.82	440.00	04/01/2013	415.00	04/01/2013	11/07/2014	5	01/17/2015	458626	12283	60954.87	05/13/2007	-94543.68	511.00						
MICH41	11R22.5	MICH 11R22.5 XT-1  LRG		MICHEL			NEW TIRES		0.00	0.00	9	0	0	0	486.45	13.00	549.68	580.00	04/01/2013	550.00	10/17/2011	02/11/2015	9	02/09/2015	446847	9026	97815.00	05/13/2007	-25248.81	333.00						
MICH42	275/80R22.5	MICH 275/80R22.5 XDA3 LRG		MICHEL		73095	NEW TIRES		0.00	0.00	2	0	0	0	510.03	13.00	576.33	670.00	10/17/2011	630.00	04/01/2013	12/04/2014	2	02/13/2015	456461	12373	5495.00	01/01/0001	-19067.85	54.00	DRIVE					
MICH44	275/80R22.5	MICH 275/80R22.5 XZA3 LRG		MICHEL		26413	NEW TIRES		0.00	0.00	27	-1	12	0	510.03	13.00	576.33	610.00	04/01/2013	570.00	04/01/2013	01/23/2015	35	02/13/2015	458650	12588	102701.24	01/01/0001	-155322.52	524.00						
MICH445	445/80R25	MICH 445/80R25 XGC TL		MICHEL			NEW TIRES		0.00	0.00	0	0	0	0	2277.32	13.00	2573.37	2730.00	04/01/2013	2570.00	04/01/2013	05/27/2014	0	01/17/2015	451404	8988	45848.00	01/01/0001	7620.08	17.00						
MICH45	12-16.5	MICH 12R16.5 BISTEEL HS 10PR		MICHEL		64383 300/70R16	NEW TIRES		0.00	0.00	4	0	0	0	443.91	13.00	501.61	530.00	04/01/2013	500.00	04/01/2013	12/30/2014	4	02/13/2015	454055	12363	39331.20	05/13/2007	-21495.44	146.00						
MICH451	425/65R22.5	MICH 425/65R22.5 XFE 20PR		MICHEL			NEW TIRES		0.00	0.00	8	0	0	0	913.81	13.00	1032.60	1095.00	04/01/2013	1030.00	04/01/2013	10/06/2014	9	01/17/2015	458307	12123	16910.00	01/01/0001	-10209.26	31.00						
MICH47	9R22.5	MICH 9R22.5 XZE  12 PLY		MICHEL			NEW TIRES		0.00	0.00	0	0	0	0	304.91	13.00	344.55	365.00	04/01/2013	345.00	04/01/2013	12/23/2010	0	01/17/2015	407224	5160	4745.00	01/01/0001	-10792.32	63.00						
MICH48	11R24.5	MICH 11R24.5 XDA5 LRG		MICHEL		63702	NEW TIRES		0.00	0.00	0	0	0	0	626.05	13.00	707.43	750.00	04/01/2013	705.00	04/01/2013	01/08/2015	4	01/21/2015	457238	9067	11842.12	01/01/0001	-131566.01	257.00						
MICH481	SOLDOUT	MICHELIN 525/80R25 XGC TL		MICHEL			NEW TIRES		0.00	0.00	0	0	0	0	2196.92	13.00	2482.51	2600.00		2500.00		06/08/2011	0	11/11/2013	340631	3663	9600.00	01/01/0001	812.32	4.00						
MICH49	445/50R22.5	MICH 445/50R22.5 XTE LRL		MICHEL		086699590701	NEW TIRES		0.00	0.00	4	0	0	0	879.82	13.00	994.19	1180.00	10/17/2011	1110.00	10/17/2011	01/08/2015	3	02/04/2015	457567	12500	2730.00	05/13/2007	-69305.22	85.00						
MICH50	12R22.5	MICH 12R22.5 XZY3  LRH		MICHEL		086699479471	NEW TIRES		0.00	0.00	10	0	6	0	683.53	13.00	772.38	830.00	10/17/2011	780.00	10/17/2011	03/24/2014	10	01/17/2015	455714	11358	49000.00	05/13/2007	-203496.98	455.00						
MICH52	SOLDOUT	MICH 20.5R25 XHA 1-STAR		MICHEL			NEW TIRES		0.00	0.00	0	0	0	0	2559.38	13.00	2892.09	3100.00	12/02/2010	2900.00	12/02/2010	06/08/2011	0	11/11/2013	354050	4456	22116.00	05/13/2007	-5021.69	13.00						
MICH53	12R24.5	MICH 12R24.5 XZY3  LRH		MICHEL		086699479518	NEW TIRES		0.00	0.00	0	0	0	0	631.78	13.00	713.91	830.00	10/17/2011	785.00	10/17/2011	04/12/2011	0	11/09/2014	391696	6320	47820.00	07/03/2007	6579.80	72.00						
MICH58	445/65R22.5	MICH 44565R225 XZY3 20P		MICHEL		86699836915	NEW TIRES		0.00	0.00	4	0	0	0	919.94	13.00	1039.53	1110.00	04/01/2013	1050.00	10/17/2011	02/13/2015	4	02/16/2015	458163	12638	18660.00	05/13/2007	-6188.02	47.00						
MICH71	275/80R22.5	MICH 275/80R22.5 XLINENERGY 14		MICHEL		086699505750	NEW TIRES		0.00	0.00	3	0	0	0	461.23	13.00	521.18	570.00	04/01/2013	530.00	04/01/2013	12/19/2014	4	02/13/2015	458667	12450	15585.00	05/13/2007	-115380.94	305.00						
MICH72	235/80R22.5	MICHELIN 235/80R22.5 XZE LRG		MICHEL			NEW TIRES		0.00	0.00	0	0	0	0	413.90	13.00	467.70	455.00	04/01/2013	430.00	04/01/2013	07/07/2014	0	01/17/2015	445686	11749	5990.00	01/01/0001	-1836.78	20.00						
MICH78	385/65R22.5	MICH 385/65R22.5 XZY3  18PR		MICHEL			NEW TIRES		0.00	0.00	0	0	0	0	738.64	13.00	834.66	740.00	04/01/2013	690.00	04/01/2013	07/31/2014	0	02/11/2015	443047	11566	2680.00	01/01/0001	-19820.28	39.00						
MICH798	245/70R19.5	MICH 245/70R19.5 XDS2 LRH					NEW TIRES		0.00	0.00	1	0	0	0	333.51	13.00	376.86	400.00	04/01/2013	375.00	04/01/2013	09/15/2014	1	01/17/2015	0	0	0.00	01/01/0001	0.00	0.00						
MICH80R	525/80R25	MICH 525/80R25 XGC TL 20.5R25		MICHEL		38256	NEW TIRES		0.00	0.00	3	0	0	0	3413.60	13.00	3857.37	4100.00	10/17/2011	3860.00	04/01/2013	02/26/2013	3	01/17/2015	412546	9843	15600.00	01/01/0001	1945.60	4.00						
MICH87	10-16.5	MICH 10R16.5 XZSL  10PR		MICHEL			NEW TIRES		0.00	0.00	6	0	0	0	452.97	13.00	511.85	540.00	04/01/2013	510.00	04/01/2013	02/13/2015	6	02/13/2015	427372	9041	7315.00	05/13/2007	-5072.73	50.00						
MICH89	12R22.5	MICH 12R22.5 XZE  16PR		MICHEL		85335	NEW TIRES		0.00	0.00	0	0	0	0	672.76	13.00	760.22	810.00	10/17/2011	760.00	10/12/2011	02/26/2013	0	01/17/2015	439159	8025	9832.00	01/01/0001	1754.16	20.00						
MICH90	11R22.5	MICH 11R22.5 XMEZ NRG Z LRG		MICHEL		640793441	NEW TIRES		0.00	0.00	3	0	0	0	514.14	13.00	580.97	620.00	01/31/2012	580.00	01/31/2012	02/11/2015	3	02/09/2015	454831	11979	1240.00	01/01/0001	-7500.38	17.00						
MICH91	11R22.5	MICH 11R22.5 XZA3 LRG		MICHEL		73162	NEW TIRES		0.00	0.00	15	0	12	0	538.19	13.00	608.15	600.00	01/30/2014	580.00	04/01/2013	02/11/2015	17	02/09/2015	458546	12562	48013.00	01/01/0001	-68644.86	232.00						
MICH92	G20 (1400R20)	MICH G20 (1400R20) XZA4 22PR		MICHEL			NEW TIRES		0.00	0.00	0	0	0	0	932.26	13.00	1053.45	1130.00	10/17/2011	1065.00	10/17/2011	09/26/2013	4	03/10/2014	454525	10650	50050.00	05/13/2007	-8803.32	73.00						
MICH93	445/65R22.5	MICH 445/65R22.5 XFE LRM		MICHEL			NEW TIRES		0.00	0.00	2	0	0	0	995.89	13.00	1125.35	1150.00	04/01/2013	1080.00	04/01/2013	02/20/2015	2	02/16/2015	458677	12668	4450.00	01/01/0001	-69754.12	86.00						
MICH9524	385/95R24	MICH 385/95R24 XCRANE TT 17 OF		MICHEL		93770	NEW TIRES		0.00	0.00	0	0	0	0	1745.56	13.00	1972.48	2200.00	06/25/2012	2000.00	06/25/2012	05/27/2014	0	01/17/2015	441299	8678	14525.00	01/01/0001	2306.08	7.00						
MICH95R	445/95R25	MICH 445/95R25 X-CRANE TL 174F		MICHEL			NEW TIRES		0.00	0.00	4	0	0	0	2996.08	13.00	3385.57	3595.00	04/01/2013	3385.00	04/01/2013	05/27/2014	4	01/17/2015	443746	9253	23640.00	01/01/0001	-6320.80	10.00						
MICH96	275/80R24.5	MICH 275/80R24.5 XDA5 14PR		MICHEL			NEW TIRES		0.00	0.00	0	0	0	0	615.26	13.00	695.24	730.00	10/17/2011	685.00	10/17/2011	08/11/2014	0	01/17/2015	450736	11864	5840.00	05/13/2007	-18851.58	46.00						
MICH97	255/70R22.5	MICH 255/70R22.5 XZE 16PR		MICHEL		086699617378	NEW TIRES		0.00	0.00	25	0	0	0	466.99	13.00	527.69	570.00	04/01/2013	535.00	04/01/2013	02/13/2015	27	02/26/2015	458793	12638	55492.97	05/13/2007	-143585.10	463.00						
MICHELIN17.5	245/70R17.5	MICH 245/70R17.5 XTA2 ENER		MICHEL			NEW TIRES		0.00	0.00	16	0	0	0	413.23	13.00	466.94	500.00	10/17/2011	470.00	10/17/2011	02/13/2015	3	01/17/2015	457449	12638	23355.00	01/01/0001	-33703.34	147.00						
MICHELIN235	235/85R16	MICHELIN 235/85R16 XPS RIB 10P		ITCO			NEW TIRES		0.00	0.00	0	0	0	0	276.15	13.00	312.04	330.00	10/17/2011	310.00	04/01/2013	09/15/2014	0	01/29/2015	410852	8358	0.00	01/01/0001	-1104.60	4.00						
MICHELIN265	265/70R19.5	MICHELIN 265/70R19.5 XDE2 14P		MICHEL			NEW TIRES		0.00	0.00	0	0	0	0	477.07	13.00	539.09	605.00	10/17/2011	570.00	10/17/2011	09/09/2011	0	01/17/2015	381302	7161	2180.00	01/01/0001	271.72	4.00						
MICHELIN30	305/85R22.5	MICHELIN 305/85R22.5 XZU3 20P		MICHEL			NEW TIRES		0.00	0.00	0	0	0	0	800.54	13.00	904.61	960.00	10/17/2011	905.00	10/17/2011	08/28/2012	0	11/09/2014	406837	8976	2296.00	01/01/0001	-734.16	4.00						
MICHELIN305	305/70R19.5	MICHELIN 305/70R19.5 XZA LRJ		MICHEL			NEW TIRES		0.00	0.00	2	0	0	0	482.28	13.00	544.98	580.00	04/01/2013	540.00	04/01/2013	12/02/2010	2	11/09/2014	439086	5300	3430.00	01/01/0001	93.34	7.00						
MICHELIN30570	305/70R22.5	MICHELIN 305/70R22.5 XRV LRL					NEW TIRES		0.00	0.00	1	0	0	0	612.00	13.00	691.56	695.00	10/17/2011	695.00	10/17/2011	05/22/2013	1	11/09/2014	427041	0	0.00	01/01/0001	0.00	0.00						
MICHELINOTR	35/65R33	MICHELIN 35/65R33 X MINE D2 2*					NEW TIRES		0.00	0.00	0	0	0	0	1.00	13.00	1.13	15000.00	01/31/2012	15000.00	01/31/2012	06/12/2013	0	11/09/2014	422046	0	0.00	01/01/0001	0.00	0.00						
MICHELINOTR01	45/65R39	MICHELIN 45/65R39 X MINE D2 1*					NEW TIRES		0.00	0.00	0	0	0	0	1.00	13.00	1.13	32150.00	01/31/2012	32150.00	01/31/2012	06/12/2013	0	01/17/2015	422046	0	0.00	01/01/0001	0.00	0.00						
MICHELINXZU3	275/80R24.5	MICH 275/80R24.5 XTE LRG		MICHEL		32873	NEW TIRES		0.00	0.00	0	0	0	0	462.59	13.00	522.72	550.00	07/30/2014	525.00	07/30/2014	09/29/2014	0	01/17/2015	453527	12092	0.00	01/01/0001	-11974.68	24.00						
MICHTUBE	TUBES	MICH TUBE 24/25 VALVE 752					TUBES		0.00	0.00	0	0	0	0	63.00	13.00	71.19	75.00		70.00		11/04/2009	-1	11/23/2011	381047	0	45.00	05/13/2007	-18.00	1.00						
MILESTAR04	245/75R16	TRAILCUTTER 245/75R16 10PR		TREADWAYS			NEW TIRES		0.00	0.00	77	-2	0	0	89.51	13.00	101.14	110.00	07/23/2013	100.00	07/23/2013	12/16/2014	96	01/29/2015	458755	12428	66226.00	01/01/0001	11824.24	604.00						
MILESTAR05	SOLDOUT	MILESTAR 215/85R16  10PR		TIRECO			NEW TIRES		0.00	0.00	0	0	0	0	71.45	13.00	80.74	100.00	03/03/2014	85.00	03/03/2014	06/09/2014	0	01/29/2015	453908	11270	75300.00	01/01/0001	19842.15	829.00						
MILESTAR235	235/80R17	TRAILCUTTER 235/80R17 10PR		TREADWAYS		22275605	NEW TIRES		0.00	0.00	5	0	0	0	89.38	13.00	101.00	120.00	09/23/2014	110.00	09/23/2014	09/23/2014	8	01/17/2015	458256	12070	1970.00	01/01/0001	529.36	17.00						
MILESTAR25	SOLDOUT	MILESTAR 225/75R16 115/112 10P		TIRECO		22265017	NEW TIRES		0.00	0.00	0	0	0	0	70.06	13.00	79.17	105.00	03/03/2014	85.00	03/03/2014	09/15/2014	0	01/29/2015	451869	11270	9405.00	01/01/0001	2539.12	98.00						
MILESTAR35	235/85R16	MILESTAR 235/85R16 120/116 10P		TIRECO		22270038	NEW TIRES		0.00	0.00	94	0	0	0	78.14	13.00	88.29	100.00	07/02/2014	90.00	07/02/2014	09/15/2014	100	01/29/2015	458877	11270	30117.00	01/01/0001	6909.42	297.00						
MILESTAR45	1000-20	LANDE 1000-20 LUG 16PR		MITCO			NEW TIRES		0.00	0.00	1	0	0	0	316.72	13.00	357.89	425.00	09/16/2013	375.00	09/16/2013	09/29/2014	1	02/26/2015	458487	11955	39760.04	01/01/0001	9377.56	111.00						
MILESTAR65	265/75R16	MILESTAR 265/75R16 123/120S 10		TIRECO		22279033	NEW TIRES		0.00	0.00	2	0	0	0	87.92	13.00	99.34	115.00	10/14/2010	105.00	10/14/2010	03/03/2014	2	01/17/2015	453046	11270	1340.00	01/01/0001	284.96	12.00						
MITCO100020	1000-20	MITCO 1000-20 8inch LUG GS SOLID		MITCO		24790101	NEW TIRES		0.00	0.00	8	0	0	0	540.00	13.00	610.20	800.00	04/23/2013	700.00	04/23/2013	02/11/2015	8	02/26/2015	0	12626	0.00	01/01/0001	0.00	0.00						
MLTIRE	23X8.5-12	TIRE 23x8.5-12 R4					NEW TIRES		0.00	0.00	0	0	0	0	1.00	13.00	1.13	50.00	10/17/2011	50.00	10/17/2011	11/23/2011	0	11/09/2014	413620	0	187.00	01/01/0001	185.00	2.00						
MLTIRE01	27X8.5-15	TIRE 27x8.5-15 R4					NEW TIRES		0.00	0.00	1	0	0	0	1.00	0.00	1.00	75.00	10/14/2010	75.00	10/14/2010	11/23/2011	1	11/09/2014	446335	0	150.00	01/01/0001	148.00	2.00						
MOBALIGN01	MOB ALIGN	MOBILE ALIGN INSPECTION					ALIGNMENT		0.00	0.00	0	0	0	0	35.00	13.00	39.55	75.00		75.00			0		418333	0	3227.50	05/13/2007	812.50	69.00						
MOBALIGN02	MOB ALIGN	FRONT END MOBILE ALIGN					ALIGNMENT		0.00	0.00	0	0	0	0	75.00	13.00	84.75	150.00		150.00			0		418332	0	87436.50	05/13/2007	36436.50	680.00						
MOBALIGN03	MOB ALIGN	2 AXLE MOBILE ALIGNMENT					ALIGNMENT		0.00	0.00	0	0	0	0	110.00	13.00	124.30	200.00		200.00			0		401432	0	22176.00	05/13/2007	7216.00	136.00						
MOBALIGN04	MOB ALIGN	3 AXLE MOBILE ALIGNMENT					ALIGNMENT		0.00	0.00	0	0	0	0	135.00	13.00	152.55	250.00		250.00			0		379113	0	24860.00	05/13/2007	8390.00	122.00						
MOBALIGN05	MOB ALIGN	SEMI TRAILER MOBILE ALIGN					ALIGNMENT		0.00	0.00	0	0	0	0	75.00	13.00	84.75	150.00		150.00			0		348037	0	735.00	05/13/2007	285.00	6.00						
MOBILEMAX	8-14.5	POWERKING 8-14.5 HWY 12PR		TREADWAYS			NEW TIRES		0.00	0.00	37	0	16	0	58.40	13.00	65.99	85.00	10/10/2011	75.00	10/10/2011	10/24/2014	51	01/17/2015	458904	12215	33012.00	01/01/0001	10226.00	428.00						
MOUNT	MOUNT	MOUNT & DISMOUNT75					MOUNTS		0.00	0.00	0	0	0	0	50.00	13.00	56.50	75.00		75.00		01/23/2008	0	11/23/2007	458770	0	46257.30	01/01/0001	15657.30	612.00						
MOUNT-TPMS	MOUNT	MOUNT & DISMOUNT W/ TPMS					MOUNTS		0.00	0.00	0	0	0	0	0.00	13.00	0.00	20.00	03/28/2012	20.00	03/28/2012	04/23/2013	0	04/23/2013	444122	0	185.00	01/01/0001	185.00	7.00						
MOUNT12	MOUNT	MOUNT & DISMOUNT UP TO 20inch					NEW TIRES		0.00	0.00	0	0	0	0	6.00	13.00	6.78	12.00	08/14/2014	12.00	08/14/2014	10/29/2009	0	10/29/2009	458575	0	11464.00	01/01/0001	5920.00	924.00						
MOUNT15	MOUNT	MOUNT & DISMOUNT15					MOUNTS		0.00	0.00	0	0	0	0	7.50	13.00	8.47	15.00		15.00		02/08/2012	0	02/08/2012	458709	0	24354.85	01/01/0001	12639.85	1562.00						
MOUNT20	MOUNT	MOUNT & DISMOUNT					MOUNTS		0.00	0.00	0	0	0	0	10.00	13.00	11.30	20.00	03/23/2012	20.00	03/23/2012	01/23/2008	0		458932	0	1424033.86	05/13/2007	807043.86	61714.00						
MOUNT20.	MOUNT	MOUNT & DISMOUNT30					MOUNTS		0.00	0.00	0	0	0	0	5.00	13.00	5.65	30.00	09/18/2014	30.00	09/18/2014	03/23/2012	0	03/23/2012	458811	0	46900.60	01/01/0001	36430.60	2094.00						
MOUNT25	MOUNT	MOUNT & DISMOUNT25					MOUNTS		0.00	0.00	0	0	0	0	14.00	13.00	15.82	25.00		25.00		01/23/2008	0		458930	0	604446.80	05/13/2007	268306.80	24010.00						
MOUNT45	MOUNT	MOUNT & DISMOUNT45					MOUNTS		0.00	0.00	0	0	0	0	30.00	13.00	33.90	45.00		45.00		01/23/2008	0		458819	0	144272.30	05/13/2007	47552.30	3224.00						
MOUNT5	MOUNT	MOUNT					MOUNTS		0.00	0.00	0	0	0	0	3.00	13.00	3.39	10.00	01/30/2012	10.00	01/30/2012	01/23/2008	0	05/18/2007	458697	0	27739.41	06/01/2007	21499.41	2080.00						
MOUNT55	MOUNT	MOUNT & DISMOUNT55					MOUNTS		0.00	0.00	0	0	0	0	35.00	13.00	39.55	55.00		55.00		01/23/2008	0		458486	0	22666.00	05/13/2007	8176.00	414.00						
MOUNT65	MOUNT	MOUNT & DISMOUNT65					MOUNTS		0.00	0.00	0	0	0	0	44.00	13.00	49.72	65.00		65.00		01/23/2008	0		458524	0	94503.35	05/13/2007	33431.35	1388.00						
MOUNT69.95	MOUNT	MOUNT & DISMOUNT $69.95					MOUNTS		0.00	0.00	0	0	0	0	35.00	13.00	39.55	69.95	03/28/2012	69.95	03/28/2012	12/27/2013	0	12/27/2013	457716	0	889.55	01/01/0001	224.55	19.00						
MOUNT8	MOUNT	MOUNT & DISMOUNT UP TO 17inch					MOUNTS		0.00	0.00	0	4	0	0	4.00	13.00	4.52	10.00	01/30/2012	10.00	01/30/2012	01/23/2008	0	05/14/2007	458911	0	138289.40	05/14/2007	80729.40	15537.00						
MOUNT85	MOUNT	MOUNT & DISMOUNT85					MOUNTS		0.00	0.00	0	0	0	0	42.50	13.00	48.02	85.00		85.00		07/20/2011	0	07/20/2011	457744	0	68984.80	01/01/0001	34262.30	817.00						
MOUNTS	MOUNT	MOUNTS & DISMOUNTS					MOUNTS		0.00	0.00	0	2	0	0	7.50	13.00	8.47	20.00	01/30/2012	20.00	01/30/2012	01/23/2008	0		458934	0	793239.50	05/13/2007	395337.50	48702.00						
MRF02	29.5-29	MRF 29.5-29  L4   28 PR					NEW TIRES		0.00	0.00	6	0	0	0	2548.00	13.00	2879.24	3300.00		2900.00		05/18/2011	6	01/17/2015	0	0	0.00	05/13/2007	0.00	0.00						
MRF05	750X10	TITAN 750-10 LUG 10PR		ACME			NEW TIRES		0.00	0.00	0	0	0	0	91.85	13.00	103.79	80.00	03/04/2013	80.00	03/04/2013	04/25/2011	0	01/17/2015	452755	6396	12935.00	01/01/0001	2780.84	118.00						
MRF13	SOLDOUT	MRF 21L24 12PR R4		TYRES			NEW TIRES		0.00	0.00	0	0	0	0	456.21	13.00	515.51	595.00	10/14/2010	525.00	10/14/2010	06/08/2011	0	11/11/2013	366431	5763	1050.00	01/01/0001	137.58	2.00						
MRF46	SOLDOUT	MRF 1800-25 L4S 40PR		SOUTH		1200019335	NEW TIRES		0.00	0.00	0	0	4	0	2070.00	13.00	2339.10	2850.00	03/01/2013	2650.00	03/01/2013	06/27/2013	0	11/11/2013	425901	9861	57930.00	01/01/0001	4596.71	30.00						
MTC750	750-16	MTC 750-16 HWY 10PR		TGI			NEW TIRES		0.00	0.00	0	0	0	0	59.95	13.00	67.74	90.00	04/07/2014	80.00	04/07/2014	04/04/2014	0	01/17/2015	442163	11403	740.00	01/01/0001	200.45	9.00						
MUSCLEROK02	2100-35	MUSCLEROK 2100-35 E4 36PR					NEW TIRES		0.00	0.00	1	0	0	0	2306.00	13.00	2605.78	2750.00		2550.00		05/03/2012	1	11/09/2014	307049	0	5500.00	05/13/2007	888.00	2.00						
NANCO01	20.5X8-10	POWERKING 20.5X8-10 10P TRL		TREADWAYS		PWKG GVM21	NEW TIRES		0.00	0.00	2	0	0	0	34.09	13.00	38.52	60.00	11/18/2014	50.00	11/18/2014	11/26/2014	12	01/19/2015	458872	12328	5773.00	01/01/0001	2117.22	95.00						
NANCO02	480-8	CARLISLE 4.80-8 HWY 6PR		ITCO			NEW TIRES		0.00	0.00	0	0	0	0	30.93	13.00	34.95	39.00	05/31/2012	29.00	05/31/2012	01/07/2013	0	01/17/2015	454802	9404	1769.00	01/01/0001	767.33	57.00						
NANCO03	570-8	POWER KING 570-8 6PR		TREADWAYS			NEW TIRES		0.00	0.00	5	0	0	0	18.32	13.00	20.70	39.00	02/05/2015	29.00	02/05/2015	01/23/2015	10	01/23/2015	458872	12592	1427.00	01/01/0001	611.55	35.00						
NANCO04	480-12	NANCO 4.80-12 HWY 6PR		TIRECO			NEW TIRES		0.00	0.00	0	0	0	0	19.00	13.00	21.47	40.00	03/15/2012	30.00	03/15/2012	03/15/2012	0	01/17/2015	453079	8148	1700.00	01/01/0001	825.93	50.00						
NANCO06	530-12	POWER KING 530-12 BOAT 6PR		TREADWAYS		GVM35	NEW TIRES		0.00	0.00	13	0	0	0	20.26	13.00	22.89	40.00	01/23/2015	30.00	01/23/2015	01/23/2015	3	01/17/2015	455287	12592	2326.00	01/01/0001	1252.78	44.00						
NANCO11	SOLDOUT	NANCO 875-16.5 HWY 10PR		TIRECO			NEW TIRES		0.00	0.00	0	0	0	0	88.71	13.00	100.24	128.00	05/26/2011	118.00	05/26/2011	10/08/2010	0	11/11/2013	380673	5306	10238.00	01/01/0001	2111.79	94.00						
NANCO18	410/350-4	CARLISLE 4.10/3.50-4 HWY		ITCO			NEW TIRES		0.00	0.00	0	0	0	0	19.40	13.00	21.92	50.00	12/15/2011	40.00	12/15/2011	10/26/2012	0	01/17/2015	438379	9292	2805.00	01/01/0001	1284.00	68.00						
NANCO712	SOLDOUT	NANCO 700-12 LUG N749 12PR					NEW TIRES		0.00	0.00	0	0	0	0	76.34	13.00	86.26	95.00	10/14/2010	85.00	10/14/2010	06/12/2012	0	11/11/2013	0	0	0.00	01/01/0001	0.00	0.00						
NANCO715	700-15	POWER KING 700-15 LUG 14PR		TREADWAYS			NEW TIRES		0.00	0.00	5	0	0	0	88.72	13.00	100.25	135.00	06/13/2012	125.00	06/13/2012	07/23/2014	9	02/12/2015	458225	11542	5045.00	01/01/0001	1229.49	39.00						
NANCO750	750-15	DEES 750-15 INDT LUG 12PR		TREADWAYS		6035	NEW TIRES		0.00	0.00	0	0	2	0	100.42	13.00	113.47	160.00	06/13/2012	150.00	06/13/2012	03/06/2014	0	01/17/2015	447182	11290	5920.00	01/01/0001	1906.68	37.00						
NANCO825	825-15	NANCO 825x15 LUG 14PR N749		TIRECO		25115007	NEW TIRES		0.00	0.00	0	0	0	0	131.82	13.00	148.95	200.00	03/14/2014	180.00	03/14/2014	07/23/2014	0	01/17/2015	441137	11270	7810.00	01/01/0001	2015.74	41.00						
NANCO85	700-15	NANCO 700-15 HWY 8PR		TIRECO			NEW TIRES		0.00	0.00	1	0	0	0	62.12	13.00	70.19	80.00	06/21/2010	70.00	06/21/2010	07/23/2014	1	02/12/2015	456760	3822	2815.00	01/01/0001	392.32	39.00						
NEWPRIDE	SOLDOUT	NEW PRIDE 1000-20 HWY 14PR		BOULEV			NEW TIRES		0.00	0.00	0	0	0	0	141.50	13.00	159.89	172.00	10/14/2010	162.00	10/14/2010	06/08/2011	0	11/11/2013	372406	5599	67766.00	01/01/0001	2959.00	458.00						
O-RING	O-RING	LOADER TIRE O-RING							0.00	0.00	0	0	0	0	1.00	13.00	1.13	18.00	03/28/2012	18.00	03/28/2012		0		458851	0	129547.52	05/13/2007	121541.52	8008.00						
OHT01	SOLDOUT	OHT 12R22.5 R1200 16P		ITRA			NEW TIRES		0.00	0.00	0	0	0	0	275.84	13.00	311.70	510.00	01/06/2012	480.00	01/06/2012	06/08/2011	0	11/11/2013	326978	1718	7440.00	05/13/2007	1078.28	23.00						
OHT03	11R22.5	FALKEN 11R22.5 BI-807 16PR		FALKEN			NEW TIRES		0.00	0.00	37	0	0	0	302.29	13.00	341.58	365.00	12/12/2014	345.00	12/12/2014	02/11/2015	66	02/09/2015	458832	12260	572482.20	05/13/2007	85617.37	1642.00	DRIVE					
OHT04	215/75R17.5	FALKEN 215/75R17.5 RI-128 16P		FALKEN			NEW TIRES		0.00	0.00	11	0	0	0	185.86	13.00	210.02	230.00	08/11/2014	210.00	01/23/2015	11/18/2014	20	01/17/2015	458364	12323	49919.00	05/13/2007	9341.28	264.00						
OHT05	11R24.5	FALKEN 11R24.5 BI-807 16PR		FALKEN			NEW TIRES		0.00	0.00	10	0	0	0	280.18	13.00	316.60	420.00	06/21/2013	400.00	06/21/2013	02/26/2015	11	01/21/2015	458675	12688	60955.00	05/13/2007	10935.97	175.00	DRIVE					
OHT07	11R24.5	FALKEN 11R24.5 RI-117 14PR		FALKEN			NEW TIRES		0.00	0.00	11	0	0	0	292.60	13.00	330.63	345.00	04/17/2014	320.00	10/03/2014	01/08/2015	11	01/21/2015	446727	10881	132510.00	05/13/2007	17269.01	445.00	ALL POSITION					
OHT08	11R22.5	FALKEN 11R22.5 RI-117 14PR		FALKEN			NEW TIRES		0.00	0.00	5	-1	0	0	267.07	13.00	301.78	340.00	01/23/2014	320.00	01/23/2014	02/11/2015	5	02/09/2015	444765	10814	837972.93	05/13/2007	111481.06	2792.00	ALL POSITION					
OHT11	10R22.5	FALKEN 10R22.5 RI-128 14PR		FALKEN			NEW TIRES		0.00	0.00	32	-1	0	0	272.02	13.00	307.38	320.00	01/23/2015	300.00	01/23/2015	11/18/2014	38	01/17/2015	458841	12323	137798.00	05/13/2007	16896.54	477.00						
OHT12	11R22.5	FALKEN 11R22.5 RI-119 14PR		FALKEN			NEW TIRES		0.00	0.00	59	-1	0	0	264.41	13.00	298.78	295.00	01/23/2015	275.00	01/23/2015	02/11/2015	59	02/09/2015	455918	12465	340021.99	05/13/2007	42988.23	1242.00	STEER					
OHT14	295/75R22.5	FALKEN 295/75R22.5 RI-119 16P		FALKEN		62582926	NEW TIRES		0.00	0.00	20	-10	0	0	250.81	13.00	283.42	300.00	01/23/2015	280.00	01/23/2015	12/29/2014	20	02/24/2015	458362	12465	554825.00	05/13/2007	82052.20	1690.00	STEER					
OHT15	285/75R24.5	FALKEN 285/75R24.5 RI-119 14P		FALKEN		62582956	NEW TIRES		0.00	0.00	28	0	0	0	275.88	13.00	311.74	320.00	01/23/2015	300.00	01/23/2015	01/09/2015	32	01/17/2015	457244	12510	117408.00	05/13/2007	13844.14	394.00	STEER					
OHT16	255/70R22.5	FALKEN 255/70R22.5 RI-128 16P		FALKEN		62528706	NEW TIRES		0.00	0.00	54	0	0	0	228.72	13.00	258.45	280.00	08/11/2014	260.00	01/23/2015	11/18/2014	56	02/26/2015	458902	12322	378362.00	05/13/2007	57003.96	1469.00						
OHT21	295/75R22.5	FALKEN 295/75R22.5 RI-128 16P		FALKEN			NEW TIRES		0.00	0.00	16	0	48	0	285.68	13.00	322.82	320.00	01/23/2015	300.00	01/23/2015	11/18/2014	20	02/24/2015	458907	12323	331320.00	05/13/2007	48395.14	1076.00	DRIVE					
OHT26	11R22.5	FALKEN 11R22.5 RI-109 16PR		FALKEN			NEW TIRES		0.00	0.00	97	-7	91	0	287.52	13.00	324.89	320.00	01/23/2015	300.00	01/23/2015	02/11/2015	148	02/09/2015	458918	12601	1042656.64	01/01/0001	127360.31	3078.00						
OHT27	11R24.5	FALKEN 11R24.5 RI-109 16PR		FALKEN		62552967	NEW TIRES		0.00	0.00	17	0	0	0	322.22	13.00	364.10	345.00	01/23/2015	325.00	01/23/2015	02/04/2015	15	01/21/2015	458874	12601	184776.00	01/01/0001	21216.99	504.00						
OHT38	SOLDOUT	FALKEN 295/75R22.5 RI-117 16P		FALKEN			NEW TIRES		0.00	0.00	0	-4	0	0	269.75	13.00	304.82	355.00	11/18/2013	330.00	11/18/2013	11/07/2014	0	02/09/2015	432304	10670	365505.40	05/13/2007	58321.34	1308.00	ALL POSITION					
OHT385	SOLDOUT	OHT 385/65R22.5 GI368 18PR		FALKEN		62671918	NEW TIRES		0.00	0.00	0	0	0	0	533.68	13.00	603.06	550.00	09/11/2012	520.00	09/11/2012	02/09/2012	0	11/11/2013	411655	7711	5400.00	01/01/0001	63.20	10.00						
OHT40	225/70R19.5	FALKEN 225/70R19.5 RI-128 14P		FALKEN			NEW TIRES		0.00	0.00	24	-2	0	0	180.17	13.00	203.59	205.00	01/23/2015	185.00	01/23/2015	02/26/2015	6	02/19/2015	458898	12688	235496.00	05/13/2007	39405.34	1116.00						
OHT42	295/75R22.5	FALKEN 295/75R22.5 BI-887 16P		FALKEN			NEW TIRES		0.00	0.00	35	0	0	0	295.51	13.00	333.92	330.00	01/23/2015	310.00	01/23/2015	02/26/2015	11	02/24/2015	458885	12688	795404.00	01/01/0001	103937.94	2138.00						
OHT425	SOLDOUT	OHTSU 425/65R22.5 GI-368 20PR		FALKEN			NEW TIRES		0.00	0.00	0	0	0	0	600.60	13.00	678.68	730.00	06/08/2012	690.00	06/08/2012	02/26/2013	0	11/11/2013	390307	7409	4845.00	01/01/0001	640.80	7.00						
OHT43	245/70R19.5	FALKEN 245/70R19.5 RI-128 14P		FALKEN			NEW TIRES		0.00	0.00	29	0	0	0	206.35	13.00	233.18	235.00	01/23/2015	215.00	01/23/2015	11/18/2014	35	01/17/2015	457349	12322	191079.00	05/13/2007	30516.92	763.00						
OHT45	SOLDOUT	OHTSU 295/75R22.5 RI-109 16PR		FALKEN			NEW TIRES		0.00	0.00	0	-2	0	0	336.29	13.00	380.01	415.00	01/06/2012	395.00	01/06/2012	12/27/2011	0	11/11/2013	397429	7559	278523.00	01/01/0001	37073.40	831.00						
OHT451	275/70R22.5	FALKEN 275/70R22.5 RI128 16PR		FALKEN			NEW TIRES		0.00	0.00	26	0	0	0	272.90	13.00	308.37	315.00	08/11/2014	290.00	10/03/2014	02/10/2015	3	02/03/2015	458790	12620	25215.00	01/01/0001	3340.12	80.00	DRIVE					
OHT46	11R22.5	FALKEN 11R22.5 BI-887 16PR		FALKEN			NEW TIRES		0.00	0.00	71	-20	0	0	304.38	13.00	343.94	340.00	01/23/2015	320.00	01/23/2015	02/26/2015	65	02/09/2015	458694	12688	818800.85	01/01/0001	93290.06	2328.00						
OHT48	11R24.5	FALKEN 11R24.5 BI-887 16PR		FALKEN		62887966	NEW TIRES		0.00	0.00	56	0	0	0	331.11	13.00	374.15	375.00	01/23/2015	355.00	01/23/2015	01/08/2015	62	01/21/2015	458927	12251	220400.00	01/01/0001	27810.90	561.00						
OHT54	285/75R24.5	FALKEN 285/75R24.5 BI-887 16P		FALKEN			NEW TIRES		0.00	0.00	19	0	0	0	317.28	13.00	358.52	355.00	01/23/2015	335.00	01/23/2015	02/26/2015	2	01/17/2015	458571	12688	215417.00	01/01/0001	26378.63	574.00						
OHT56	285/75R24.5	FALKEN 285/75R24.5 RI-117 16P		FALKEN			NEW TIRES		0.00	0.00	0	0	0	0	265.51	13.00	300.02	370.00	06/21/2013	350.00	06/21/2013	11/07/2014	0	01/17/2015	414919	5894	12850.00	01/01/0001	1964.09	41.00						
OHT66	295/75R22.5	FALKEN 295/75R22.5 RI-109 16PR		FALKEN			NEW TIRES		0.00	0.00	59	0	0	0	285.22	13.00	322.29	320.00	01/23/2015	300.00	01/23/2015	02/26/2015	44	02/24/2015	458934	12688	232304.44	01/01/0001	27026.09	654.00						
OHT78	11R22.5	FALKEN 11R22.5 RI-128 16PR		FALKEN			NEW TIRES		0.00	0.00	62	-1	120	0	282.01	13.00	318.67	320.00	01/23/2015	300.00	01/23/2015	02/11/2015	68	02/09/2015	458828	12138	451165.32	01/01/0001	57245.84	1296.00						
OHT84	11R24.5	FALKEN 11R24.5 RI-119 14PR		FALKEN			NEW TIRES		0.00	0.00	29	0	0	0	348.68	13.00	394.01	330.00	01/23/2015	310.00	01/23/2015	01/08/2015	29	01/21/2015	408511	8799	28055.00	01/01/0001	4446.02	80.00						
OHT89	SOLDOUT	FALKEN 385/65R22.5 GI378 18PR		FALKEN			NEW TIRES		0.00	0.00	0	0	0	0	411.75	13.00	465.28	500.00	06/25/2012	475.00	06/25/2012	07/31/2014	0	07/31/2014	444099	10879	3960.00	01/01/0001	666.00	8.00						
OHT90	11R24.5	FALKEN 11R24.5 RI-128 16PR		FALKEN			NEW TIRES		0.00	0.00	7	0	0	0	307.86	13.00	347.88	345.00	01/23/2015	325.00	01/23/2015	01/08/2015	17	01/21/2015	458453	12322	11680.00	01/01/0001	2049.54	31.00						
OHTSU41	285/75R24.5	FALKEN 285/75R24.5 RI-109 16P		FALKEN			NEW TIRES		0.00	0.00	17	-2	0	0	309.34	13.00	349.55	345.00	01/23/2015	325.00	01/23/2015	02/26/2015	46	01/17/2015	458740	12688	193130.00	01/01/0001	22251.44	541.00						
OTANI1300	1300-24	OTANI 1300-24 G46 G2/L2 12PR		KAUFFMAN		OT130024G46	NEW TIRES		0.00	0.00	3	0	0	0	280.00	13.00	316.40	340.00	04/22/2014	320.00	04/22/2014	01/19/2015	4	02/11/2015	458534	12541	1000.00	01/01/0001	160.00	3.00						
OTANI1400	1400-24	OTANI 1400-24 12PR L-2 TLS		FOREIGN		467N	NEW TIRES		0.00	0.00	8	0	0	0	309.48	13.00	349.71	450.00	11/26/2014	400.00	11/26/2014	11/26/2014	12	01/17/2015	458814	12357	2500.00	01/01/0001	643.12	6.00						
OTANI1417	14-17.5	OTANI 14-17.5 14PR R-4 DOUWALL		FOREIGN		361K	NEW TIRES		0.00	0.00	3	0	0	0	206.59	13.00	233.45	280.00	11/26/2014	260.00	11/26/2014	11/26/2014	7	01/17/2015	458267	12357	2590.00	01/01/0001	730.69	9.00						
OTANI17	17.5-25	OTANI 17.5-25 G2 TL 12PR		KAUFFMAN		CT17525	NEW TIRES		0.00	0.00	4	0	0	0	480.00	13.00	542.40	585.00	07/29/2014	545.00	01/14/2015	01/14/2015	0	10/15/2014	456785	12523	7920.00	01/01/0001	1250.00	14.00						
OTANI18	SOLDOUT	OTANI 1800-33 E-50 40P E-4 TLS		FOREIGN		476V	NEW TIRES		0.00	0.00	0	0	0	0	2412.00	13.00	2725.56	3000.00	03/16/2011	2800.00	03/16/2011	05/30/2014	0	01/17/2015	0	11596	0.00	01/01/0001	0.00	0.00						
OTANI205	20.5-25	OTANI 20.5-25 G-2/L-2 12PR		KAUFFMAN			NEW TIRES		0.00	0.00	1	0	0	0	759.00	13.00	857.67	910.00	03/16/2011	860.00	03/16/2011	11/26/2014	1	01/19/2015	448572	11433	2630.00	01/01/0001	353.00	3.00						
OTH425	425/65R22.5	FALKEN 425/65R22.5 GI378		FALKEN		62378979	NEW TIRES		0.00	0.00	1	0	0	0	521.16	13.00	588.91	630.00		595.00		05/27/2014	3	01/17/2015	458407	10881	9220.00	01/01/0001	1402.60	15.00						
OTHER	OTHER	OTHER: PLEASE SEE NOTES BELOW					MOUNTS		0.00	0.00	0	0	0	0	25.00	13.00	28.25	45.00	12/18/2007	45.00	12/18/2007	12/17/2008	0	12/17/2008	457514	0	28998.83	01/01/0001	23748.83	210.00						
OTR01	26X12D380	OTR 26x12D380 8P OUTRIGGER		OTR			NEW TIRES		0.00	0.00	0	0	0	0	144.74	13.00	163.56	200.00	06/29/2010	175.00	06/29/2010	06/29/2010	0	05/11/2014	375048	4781	605.00	05/13/2007	165.52	3.00						
OTR03	33/16LL500	OTR 33/16LL500 LITEFOOT		OTR			NEW TIRES		0.00	0.00	0	-1	0	0	326.00	13.00	368.38	330.00	06/29/2010	300.00	06/29/2010	01/08/2015	0	01/17/2015	455862	12502	9266.00	05/13/2007	1812.62	29.00						
OTR06	15-625	OTR 15-625 OUTRIGGER		OTR			NEW TIRES		0.00	0.00	1	0	0	0	721.00	13.00	814.73	950.00	11/10/2014	950.00	11/10/2014	05/08/2014	1	01/17/2015	453180	11494	6075.00	05/13/2007	1018.72	8.00						
OTR07	445/65D22.5	OTR 445/65D22.5 GENIE 18PR		OTR			NEW TIRES		0.00	0.00	4	0	0	0	732.69	13.00	827.93	875.00	06/29/2010	840.00	06/29/2010	05/27/2014	4	02/16/2015	316331	4781	1375.00	01/01/0001	208.36	2.00						
OTR105	355/55D625	OUTRIGGER 355/55D625 14PR					NEW TIRES		0.00	0.00	0	0	0	0	580.00	13.00	655.40	680.00		680.00		11/30/2011	0	11/09/2014	390431	0	2040.00	01/01/0001	300.00	3.00						
OTR11	18-625	OTR 18-625 SANDMASTER 16PR		OTR			NEW TIRES		0.00	0.00	1	0	0	0	759.54	13.00	858.28	925.00		875.00		06/27/2013	1	12/17/2014	419002	4781	1850.00	01/01/0001	330.92	2.00						
OTR12	445/50D710	OTR 445/50D710 OUTRIGGER 18PR		OTR			NEW TIRES		0.00	0.00	4	0	0	0	898.00	13.00	1014.74	1075.00		1025.00		05/27/2014	4	02/04/2015	0	4781	0.00	01/01/0001	0.00	0.00						
OVERTIME01	OVERTIME	SATURDAY AFTER 1:00PM / SUNDAY					MOUNTS		0.00	0.00	0	0	0	0	25.00	13.00	28.25	100.00	08/06/2012	100.00	08/06/2012	02/20/2008	0		458764	0	26770.00	05/13/2007	18794.00	320.00						
OVERTIME02	OVERTIME	OVERTIME AFTER 6:31 PM - 6 AM					MOUNTS		0.00	0.00	0	0	0	0	1.00	13.00	1.13	100.00	08/06/2012	100.00	08/06/2012	02/20/2008	0		458821	0	31765.00	05/13/2007	31442.00	323.00						
OVERTIME03	OVERTIME	SERVICE AT 4:30 PM - 6:30 PM					MOUNTS		0.00	0.00	0	0	0	0	25.00	13.00	28.25	50.00	12/18/2007	50.00	12/18/2007	02/20/2008	0		458836	0	94910.00	05/13/2007	57950.00	1992.00						
OVERTIME04	OVERTIME	BOOM TRUCK OVERTIME					MOUNTS		0.00	0.00	0	0	0	0	50.00	13.00	56.50	200.00	08/06/2012	200.00	08/06/2012	03/01/2012	0	03/01/2012	457912	0	1490.00	01/01/0001	690.00	16.00						
OVERTIME05	OVERTIME	OVERTIME WEEKDAY 6-7 AM					MOUNTS		0.00	0.00	0	0	0	0	25.00	13.00	28.25	50.00	10/14/2010	50.00	10/14/2010	08/08/2012	0	08/08/2012	449282	0	2100.00	01/01/0001	1125.00	39.00						
PACIFICA14	1000-20	BLUESTAR 1000-20 HWY 14P GX233		CMA		1092331024	NEW TIRES		0.00	0.00	134	0	0	0	149.64	13.00	169.09	190.00	04/29/2014	170.00	04/29/2014	09/29/2014	130	02/26/2015	458831	11474	146574.98	01/01/0001	14080.42	762.00						
PARTS	MISC	PARTS					NEW TIRES		0.00	0.00	0	-12	0	0	1.00	13.00	1.13	1.00		1.00			0		458850	0	695144.27	05/13/2007	671664.27	23481.00						
PARTS01	PARTS	INNER STUD							0.00	0.00	0	-8	0	0	2.90	13.00	3.27	6.50	07/29/2011	6.50	07/29/2011	10/03/2011	0		458766	0	36594.35	05/13/2007	31881.85	1625.00						
PARTS02	PARTS	LUG NUT; STANDARD WHEEL							0.00	0.00	0	-8	0	0	0.85	13.00	0.96	2.50	07/29/2011	2.50	07/29/2011	10/03/2011	0		458766	0	5312.75	05/13/2007	4007.15	1536.00						
PARTS03	PARTS	STUD FOR DAYTON							0.00	0.00	0	0	0	0	0.30	13.00	0.33	2.50	07/29/2011	2.50	07/29/2011	10/03/2011	0		446999	0	4154.00	05/13/2007	4078.40	252.00						
PARTS04	PARTS	HUB PILOT LUG NUT							0.00	0.00	0	0	0	0	2.50	13.00	2.82	7.50	07/29/2011	7.50	07/29/2011	10/03/2011	0		454152	0	6314.81	05/13/2007	4204.81	844.00						
PARTS07	MISC	PARTS07					NEW TIRES		0.00	0.00	0	0	0	0	0.00	13.00	0.00	0.00		0.00		05/21/2007	0	05/21/2007	458848	0	154128.35	05/21/2007	154128.35	2687.00						
PARTS08	MISC	PARTS08					NEW TIRES		0.00	0.00	0	0	0	0	0.00	13.00	0.00	0.00		0.00		05/21/2007	0	05/21/2007	458245	0	42490.31	05/21/2007	42490.31	757.00						
PARTS10	PARTS	TOP PICK DRIVE AXLE STUD					CUT		0.00	0.00	0	0	0	0	22.79	13.00	25.75	30.00	01/17/2014	30.00	01/17/2014	10/03/2011	0	10/03/2011	457744	0	47789.00	01/01/0001	11005.94	1614.00						
PARTS11	PARTS	TOP PICK STEER AXLE STUD					CUT		0.00	0.00	0	0	0	0	6.65	13.00	7.51	8.50	10/03/2011	8.50	10/03/2011	10/03/2011	0	10/03/2011	447638	0	162.00	01/01/0001	108.80	8.00						
PARTS12	PARTS	TOP PICK LUG NUT					CUT		0.00	0.00	0	0	0	0	1.32	13.00	1.49	4.00	01/17/2014	4.00	01/17/2014	10/03/2011	0	10/03/2011	457744	0	6294.50	01/01/0001	4124.42	1644.00						
PATCH01	PATCH	PATCH #1							0.00	0.00	0	0	0	0	0.42	13.00	0.47	3.00		3.00		01/23/2008	0		458911	0	11062.75	05/13/2007	9309.15	3134.00						
PATCH02	PATCH	PATCH #110 OR #2							0.00	0.00	0	0	0	0	0.65	13.00	0.73	5.00		5.00		01/23/2008	0		458931	0	127046.98	05/13/2007	110520.98	24079.00						
PATCH03	PATCH	PATCH #112 OR #3							0.00	0.00	0	0	0	0	0.99	13.00	1.11	7.00		7.00		01/23/2008	0		458837	0	16237.70	05/13/2007	14155.89	2098.00						
PATCH04	PATCH	PATCH #114 OR #5P							0.00	0.00	0	0	0	0	1.86	13.00	2.10	10.00		10.00		01/23/2008	0		458844	0	8035.50	05/13/2007	6840.16	706.00						
PATCH6	PATCH	PATCH #6					NEW TIRES		0.00	0.00	0	0	0	0	8.00	13.00	9.04	15.00		15.00		03/07/2011	0	03/07/2011	458245	0	810.96	01/01/0001	482.96	41.00						
PETLAS11	SOLDOUT	PETLAS 1100X20 PC1 COMPACT 14P		TGI			NEW TIRES		0.00	0.00	0	0	0	0	349.95	13.00	395.44	430.00		430.00		06/16/2014	0	01/17/2015	444450	11667	1720.00	01/01/0001	320.20	4.00						
PIRRELLI01	225/40R18	PIRELLI 225/40ZR18 PZERO M+S					NEW TIRES		0.00	0.00	1	0	0	0	140.00	13.00	158.20	160.00	05/11/2009	160.00	05/11/2009	05/08/2012	1	01/17/2015	0	0	0.00	01/01/0001	0.00	0.00						
PIRRELLI45	225/45R17	PIRELLI 225/45R17 P-ZERO					NEW TIRES		0.00	0.00	1	0	0	0	146.00	13.00	164.98	145.00	10/14/2010	145.00	10/14/2010	05/08/2012	1	01/17/2015	0	0	0.00	01/01/0001	0.00	0.00						
PK09	700-15	POWERKING 700-15 HWY 8PR		TREADWAYS			NEW TIRES		0.00	0.00	7	0	0	0	63.24	13.00	71.46	85.00	01/23/2015	75.00	01/23/2015	01/23/2015	9	02/12/2015	458926	12592	2520.00	01/01/0001	448.88	34.00						
POLY01	13X5-1/2X8	POLY 13x5-1/2x8 (TI-127)		MITCO			NEW TIRES		0.00	0.00	3	0	0	0	120.02	13.00	135.62	170.00	03/03/2014	160.00	03/03/2014	03/03/2014	3	01/23/2015	442054	1863	3033.00	01/01/0001	725.45	24.00						
PORTUS	PORTUS	PORTUS 1800-25 LEASE $2.25					NEW TIRES		0.00	0.00	0	0	0	0	2.00	13.00	2.26	2.25		2.25		10/01/2012	0	10/01/2012	451288	0	43024.50	01/01/0001	4780.50	19122.00						
PORTUS01	PORTUS	PORTUS 1800-25 MOUNT/DISMOUNT							0.00	0.00	0	0	0	0	50.00	13.00	56.50	0.00	10/14/2010	0.00	10/14/2010	10/01/2012	0	10/01/2012	435869	0	0.00	01/01/0001	-950.00	19.00						
PORTUS02	PORTUS	PORTUS CALL TO THE YARD					ROAD CALL		0.00	0.00	0	0	0	0	30.00	13.00	33.90	0.00	10/14/2010	0.00	10/14/2010	10/01/2012	0	10/01/2012	435869	0	0.00	01/01/0001	-150.00	5.00						
PORTUS04	PORTUS	PORTUS CHECK & FILL A/P					ROAD CALL		0.00	0.00	0	0	0	0	20.00	13.00	22.60	0.00	10/14/2010	0.00	10/14/2010	10/01/2012	0	10/01/2012	0	0	0.00	01/01/0001	0.00	0.00						
PORTUS05	PORTUS	PORTUS O-RING					TUBES		0.00	0.00	0	0	0	0	6.00	13.00	6.78	18.00	10/14/2010	18.00	10/14/2010	10/01/2012	0	10/01/2012	435869	0	342.00	01/01/0001	228.00	19.00						
POWER800	800-16.5	POWERKING 800-16.5 HWAYII 8PR		ACME			NEW TIRES		0.00	0.00	5	0	0	0	86.00	13.00	97.18	115.00	11/27/2013	105.00	11/27/2013	12/22/2014	13	02/04/2015	458724	12458	2180.00	01/01/0001	383.56	20.00						
POWERKIN690	690-9	POWERKING 690-9 6PR BOATRAILER		TREADWAYS		WDT76	NEW TIRES		0.00	0.00	12	0	0	0	30.11	13.00	34.02	50.00	01/23/2015	40.00	01/23/2015	01/23/2015	0	01/23/2015	0	12592	0.00	01/01/0001	0.00	0.00						
POWERKING 10	1000-20	POWERKING 1000-20 LUG IND 16P				ALG65A	NEW TIRES		0.00	0.00	9	0	0	0	273.55	13.00	309.11	450.00	04/23/2013	400.00	04/23/2013	11/10/2014	9	02/26/2015	458783	0	3630.00	01/01/0001	1168.05	9.00						
POWERKING02	875-16.5	POWERKING 8.75-16.5 10P HWY TL		ACME		746573014517	NEW TIRES		0.00	0.00	3	0	0	0	85.00	13.00	96.05	120.00	08/29/2012	115.00	08/29/2012	12/22/2014	16	01/17/2015	457828	12457	60904.00	05/18/2007	17283.88	527.00						
POWERKING10	1000-20	POWERKING 1000-20 HWY TT 14P		TREADWAYS			NEW TIRES		0.00	0.00	136	0	0	0	273.55	13.00	309.11	190.00	04/23/2013	175.00	02/25/2014	10/24/2014	136	02/26/2015	457173	12215	22755.00	01/01/0001	-2916.40	124.00						
POWERKING205	20.5-25	POWERKING 20.5-25 E3/L3 20PR		TREADWAYS		AKR25	NEW TIRES		0.00	0.00	26	0	0	0	693.23	13.00	783.34	950.00	03/16/2011	890.00	03/16/2011	02/17/2015	2	01/19/2015	458603	12652	18680.00	01/01/0001	3275.45	21.00						
POWERKING235	23.5-25	POWERKING 23.5-25 TL 20 E3/L3		TREADWAYS		PWKG AKR63	NEW TIRES		0.00	0.00	13	0	0	0	899.70	13.00	1016.66	1150.00	11/26/2014	1050.00	11/26/2014	01/23/2015	4	11/09/2014	457854	12592	3280.00	01/01/0001	617.93	3.00						
POWERKING480	480-8	POWER KING 480-8 TL 6PR		TREADWAYS		GVM11	NEW TIRES		0.00	0.00	10	0	0	0	11.65	13.00	13.16	35.00	03/27/2013	25.00	03/27/2013	01/23/2015	0	01/17/2015	455529	12592	555.00	01/01/0001	316.70	16.00						
POWERKING950	950-16.5	POWERKING 950-16.5 HW CAMPER10		ACME			NEW TIRES		0.00	0.00	4	0	0	0	96.75	13.00	109.32	135.00	04/11/2011	125.00	04/11/2011	10/27/2014	6	01/17/2015	457959	12226	16668.00	01/01/0001	4361.93	129.00						
POWERTRAX01	12-16.5	12-16.5 SOLID TIRE+WHEEL		MITCO			NEW TIRES		0.00	0.00	24	0	0	0	500.00	13.00	565.00	750.00	02/04/2015	680.00	02/04/2015	12/30/2014	24	02/13/2015	458647	12385	209296.36	05/13/2007	27117.18	320.00						
POWERTRAX03	12-16.5	SOLID 12-16.5 20inch LUG TIRE		MITCO			NEW TIRES		0.00	0.00	6	0	0	0	475.00	13.00	536.75	625.00	12/10/2013	550.00	12/10/2013	12/30/2014	6	02/13/2015	450056	10968	26700.00	05/13/2007	4034.06	50.00						
POWERTRAX04	12-16.5	SOLID 12-16.5 20inch SMOOTH TIRE		MITCO		22560300	NEW TIRES		0.00	0.00	8	0	0	0	475.00	13.00	536.75	625.00	12/10/2013	550.00	12/10/2013	12/30/2014	8	02/13/2015	431962	10968	33840.00	01/01/0001	4601.28	56.00						
POWERTRAX05	12-16.5	SOLID 12-16.5 18inch LUG TIRE		MITCO			NEW TIRES		0.00	0.00	4	0	0	0	467.46	13.00	528.22	570.00	03/21/2011	530.00	03/21/2011	12/30/2014	4	02/13/2015	439310	6952	2120.00	01/01/0001	250.16	4.00						
PREMIUN60	600-9	DEESTONE 600-9 LUG INDUS FORKL		TREADWAYS		DS6125	NEW TIRES		0.00	0.00	3	0	0	0	42.10	13.00	47.57	79.00	03/14/2014	67.00	03/14/2014	01/23/2015	3	01/27/2015	453070	11117	6643.00	01/01/0001	1992.03	97.00						
PRESS01	MOUNT	PRESS SOLID TIRE ON & OFF					MOUNTS		0.00	0.00	0	0	0	0	20.00	13.00	22.60	20.00	01/30/2012	20.00	01/30/2012	08/30/2010	0	08/30/2010	458316	0	26915.50	01/01/0001	11675.50	762.00						
PROMO	PROMOTION	FREE MOUNT WITH PROMOTION					MOUNTS		0.00	0.00	0	0	0	0	0.00	13.00	0.00	0.00		0.00		04/29/2010	0	04/29/2010	354623	0	0.00	01/01/0001	0.00	49.00						
RECAP01	11R22.5	RECAP 11R22.5 HWY		CONSOL			RECAPS		0.00	0.00	0	0	0	0	129.00	13.00	145.77	200.00	03/13/2013	190.00	03/13/2013	02/11/2015	-678	02/09/2015	458781	1248	413149.25	05/13/2007	118097.25	2444.00						
RECAP02	11R22.5	RECAP 11R22.5 TRACTION					RECAPS		0.00	0.00	0	-5	0	0	129.00	13.00	145.77	200.00	03/13/2013	190.00	03/13/2013	02/11/2015	-2078	02/09/2015	458915	0	1434742.47	05/13/2007	435502.47	8648.00						
RECAP03	11R24.5	RECAP 11R24.5 HWY		CONSOL			RECAPS		0.00	0.00	0	6	0	0	121.00	13.00	136.73	220.00	01/07/2013	210.00	01/07/2013	01/08/2015	-205	01/21/2015	456372	1248	30826.00	05/13/2007	10967.00	179.00						
RECAP04	11R24.5	RECAP 11R24.5 TRACTION					RECAPS		0.00	0.00	0	-3	0	0	121.00	13.00	136.73	220.00	01/07/2013	210.00	01/07/2013	01/08/2015	-1029	01/21/2015	458588	0	181078.36	05/13/2007	71706.36	1012.00						
RECAP05	295/75R22.5	RECAP LP22.5 HWY					RECAPS		0.00	0.00	0	-6	0	0	104.00	13.00	117.52	190.00	01/31/2012	180.00	01/31/2012	11/07/2014	-981	02/24/2015	458838	0	257592.00	05/13/2007	124104.00	1545.00						
RECAP06	295/75R22.5	RECAP LP22.5 TRACTION					RECAPS		0.00	0.00	0	2	0	0	104.00	13.00	117.52	190.00	01/31/2012	180.00	01/31/2012	11/07/2014	-773	02/24/2015	458745	0	121984.24	05/13/2007	53464.24	751.00						
RECAP07	285/75R24.5	RECAP LP24.5 HWY					RECAPS		0.00	0.00	0	0	0	0	1.00	13.00	1.13	190.00	01/31/2012	180.00	01/31/2012	11/07/2014	-220	01/17/2015	455961	0	33450.00	05/13/2007	33246.00	204.00						
RECAP08	285/75R24.5	RECAP LP24.5 TRACTION					RECAPS		0.00	0.00	0	0	0	0	1.00	13.00	1.13	190.00	01/31/2012	180.00	01/31/2012	11/07/2014	-427	01/17/2015	455723	0	67508.00	05/13/2007	67077.00	431.00						
RECAP09	12R22.5	RECAP 12R22.5 HWY					RECAPS		0.00	0.00	0	0	0	0	137.00	13.00	154.81	230.00	07/20/2012	210.00	07/20/2012	02/26/2013	-13	01/17/2015	456145	0	3455.00	05/13/2007	988.00	19.00						
RECAP10	12R22.5	RECAP 12R22.5 TRACTION					RECAPS		0.00	0.00	0	0	0	0	137.00	13.00	154.81	230.00	07/20/2012	210.00	07/20/2012	02/26/2013	-879	01/17/2015	457565	0	176580.00	05/13/2007	56320.00	988.00						
RECAP109	11R22.5	RECAP 11R22.5 HD TRACTION					RECAPS		0.00	0.00	0	0	0	0	150.00	13.00	169.50	215.00	03/14/2013	205.00	03/14/2013	02/11/2015	-139	02/09/2015	457886	0	75150.00	01/01/0001	16950.00	388.00						
RECAP11	315/80R22.5	RECAP 315/80R22.5 HWY					RECAPS		0.00	0.00	0	0	0	0	150.00	13.00	169.50	240.00	01/31/2012	230.00	01/31/2012	01/08/2015	-55	01/23/2015	456683	0	16935.00	05/13/2007	4631.00	86.00						
RECAP112	1800-25	RECAP CAP & CASING 1800X25 L4		RDH			RECAPS		0.00	0.00	11	0	0	0	1350.00	13.00	1525.50	2150.00	02/11/2013	1950.00	02/08/2013	06/27/2013	11	02/04/2015	457582	8804	714846.42	01/01/0001	102668.42	431.00						
RECAP12	315/80R22.5	RECAP 315/80R22.5 TRACC					RECAPS		0.00	0.00	0	-7	0	0	150.00	13.00	169.50	240.00	01/31/2012	230.00	01/31/2012	01/08/2015	-1989	01/23/2015	458261	0	396829.00	05/13/2007	115638.00	1965.00						
RECAP1200	1200-20	RECAP 1200x20 E3					RECAPS		0.00	0.00	2	0	0	0	480.00	13.00	542.40	590.00	09/13/2011	590.00	09/13/2011	02/17/2015	2	02/26/2015	440375	0	11260.00	01/01/0001	1180.00	21.00						
RECAP13	385/65R22.5	RECAP 385/65R22.5					RECAPS		0.00	0.00	0	0	0	0	130.00	13.00	146.90	230.00	01/31/2012	230.00	01/31/2012	07/31/2014	-55	02/11/2015	457446	0	11046.00	05/13/2007	4543.00	53.00						
RECAP14	425/65R22.5	RECAP 425/65R22.5					RECAPS		0.00	0.00	0	2	0	0	145.00	13.00	163.85	240.00	01/31/2012	240.00	01/31/2012	05/27/2014	-94	01/17/2015	458701	0	23345.00	05/13/2007	11585.00	96.00						
RECAP15	445/65R22.5	RECAP 445/65R22.5					RECAPS		0.00	0.00	0	0	0	0	1.00	13.00	1.13	200.00		200.00	05/05/2011	05/27/2014	-14	02/16/2015	385125	0	2970.00	05/13/2007	2956.00	14.00						
RECAP151	2100-35	RECAP 2100-35  L4S					RECAPS		0.00	0.00	4	0	0	0	1300.00	13.00	1469.00	1990.00	04/29/2013	1990.00	04/29/2013	05/09/2012	4	11/09/2014	0	0	0.00	01/01/0001	0.00	0.00						
RECAP154	225/70R19.5	RECAP 225/70R19.5 A/P					RECAPS		0.00	0.00	0	0	0	0	90.00	13.00	101.70	111.00	09/28/2011	111.00	09/28/2011	12/30/2014	-40	02/19/2015	454093	0	9397.00	01/01/0001	1207.00	91.00						
RECAP16	900-20	RECAP 900-20 HWY					RECAPS		0.00	0.00	0	1	0	0	1.00	13.00	1.13	90.00		85.00		12/10/2013	-16	01/17/2015	420536	0	1540.00	05/13/2007	1523.00	17.00						
RECAP169	29.5-29	RECAP 29.5-29 L3					RECAPS		0.00	0.00	2	0	0	0	3172.00	13.00	3584.36	3950.00	04/29/2013	3950.00	04/29/2013	05/18/2011	2	01/17/2015	437145	0	5200.00	01/01/0001	-1144.00	2.00						
RECAP17	9R22.5	RECAP 9R22.5 HWY					RECAPS		0.00	0.00	0	0	0	0	65.00	13.00	73.45	140.00	01/31/2012	140.00	01/31/2012	12/23/2010	-50	01/17/2015	458052	0	5325.00	05/13/2007	2524.00	49.00						
RECAP18	10R22.5	RECAP 10R22.5 HWY					RECAPS		0.00	0.00	0	0	0	0	100.00	13.00	113.00	145.00	09/13/2011	140.00	01/31/2012	09/29/2014	-577	01/17/2015	458308	0	80965.50	05/13/2007	23115.50	628.00						
RECAP180	1800-25	RECAP-CAP ONLY 1800X25 L4					RECAPS		0.00	0.00	0	0	0	0	0.00	13.00	0.00	1650.00	10/14/2010	1650.00	02/11/2013	06/27/2013	1	02/04/2015	457744	0	144720.00	01/01/0001	144720.00	85.00						
RECAP189	275/70R22.5	RECAP 275/70R22.5 HWY					NEW TIRES		0.00	0.00	0	0	0	0	420.00	13.00	474.60	130.00	02/21/2014	130.00	02/21/2014	05/03/2012	-8	02/03/2015	441197	0	13340.00	01/01/0001	-3040.00	39.00						
RECAP19	255/70R22.5	RECAP 255/70R22.5					RECAPS		0.00	0.00	0	-2	0	0	85.00	13.00	96.05	145.00	09/13/2011	140.00	01/31/2012	03/06/2014	-283	02/26/2015	457372	0	34870.00	05/13/2007	13245.00	289.00						
RECAP20	1000-20	RECAP 1000-20 HWY					RECAPS		0.00	0.00	0	0	0	0	95.00	13.00	107.35	190.00	01/31/2012	180.00	01/31/2012	09/29/2014	-395	02/26/2015	440862	0	41299.00	05/13/2007	14209.00	394.00						
RECAP21	1000R20	RECAP 1000R20 HWY					RECAPS		0.00	0.00	0	-1	0	0	75.00	13.00	84.75	185.00	09/13/2011	175.00	09/13/2011	09/29/2014	-6	02/26/2015	449224	0	1105.00	05/13/2007	654.00	7.00						
RECAP24	245/70R19.5	RECAP 245/70R19.5					RECAPS		0.00	0.00	0	0	0	0	70.00	13.00	79.10	120.00	03/06/2012	120.00	03/06/2012	09/15/2014	-289	01/17/2015	458876	0	31494.00	01/01/0001	9304.00	317.00						
RECAP29	11-22.5	RECAP 11-22.5 HWY					NEW TIRES		0.00	0.00	0	0	0	0	80.00	13.00	90.40	135.00	04/01/2011	125.00	04/01/2011	04/19/2010	-557	01/17/2015	432924	0	45069.00	01/01/0001	509.00	557.00						
RECAP45	14/80R20	RECAP 14/80R20 HWY.					RECAPS		0.00	0.00	0	0	0	0	150.00	13.00	169.50	240.00	10/14/2010	230.00	10/14/2010	12/29/2014	-1	01/17/2015	458525	0	1180.00	01/01/0001	430.00	5.00						
RECAP451	29.5-25	RECAP 29.5R25 L3					RECAPS		0.00	0.00	0	0	0	0	3609.00	13.00	4078.17	4500.00		4250.00	02/08/2012	02/08/2012	0	01/17/2015	453546	0	22114.00	01/01/0001	-21194.00	12.00						
RECAP789	445/80R25	CAP ONLY 445/80R25 E3					NEW TIRES		0.00	0.00	1	0	0	0	617.50	13.00	697.77	850.00	04/04/2012	750.00	04/04/2012	05/27/2014	1	01/17/2015	419081	0	5950.00	01/01/0001	1627.50	7.00						
RECAP81	235/75R17.5	RECAP 235/75R17.5					RECAPS		0.00	0.00	0	0	0	0	10.00	13.00	11.30	100.00	10/08/2010	100.00	10/08/2010	01/08/2015	0	01/30/2015	369613	0	285.00	01/01/0001	255.00	3.00						
RECAP94	23.5-25	RECAP 23.5R25 L3 1-STAR					NEW TIRES		0.00	0.00	0	0	0	0	1720.00	13.00	1943.60	1750.00	04/29/2013	1750.00	04/29/2013	12/30/2014	0	11/09/2014	458770	0	24513.00	01/01/0001	-11438.00	23.00						
REGROOVE	REGROOVE TIRE	REGROOVE TIRE					NEW TIRES		0.00	0.00	0	0	0	0	1.00	13.00	1.13	15.00	05/09/2014	15.00	05/09/2014	03/31/2010	0	03/31/2010	456896	0	161.00	01/01/0001	134.00	27.00						
RETREAD129	1800-33	RETREAD 1800x33 40PR					NEW TIRES		0.00	0.00	1	0	1	0	2095.00	13.00	2367.35	2600.00	02/22/2012	2400.00	02/22/2012	06/27/2013	3	02/04/2015	448642	10114	32610.00	01/01/0001	-163379.00	101.00						
RETREAD149	20.5-25	RECAP 20.5R25 XHA 1-STAR					NEW TIRES		0.00	0.00	1	0	0	0	1245.00	13.00	1406.85	1350.00	05/01/2013	1350.00	05/01/2013	11/26/2014	3	01/19/2015	458114	0	9900.00	01/01/0001	-60.00	8.00						
RETREAD89	26.5-25	RETREAD 26.5R25 L3					NEW TIRES		0.00	0.00	2	0	0	0	2085.00	13.00	2356.05	2400.00	09/12/2013	2400.00	09/12/2013	11/26/2014	2	09/22/2014	445688	0	24210.00	01/01/0001	-4974.00	14.00						
RHIN	SOLDOUT	RHIN					RHINS		0.00	0.00	0	0	0	0	0.00	13.00	0.00	0.00		0.00		10/23/2013	0	10/23/2013	440819	0	1605.00	01/01/0001	1605.00	7.00						
RHINS	MISC	RHINS		MITCO			RHINS		0.00	0.00	0	-6	0	0	250.00	13.00	282.50	20.00		20.00		03/11/2010	0		458512	4366	60003.20	05/13/2007	-38026.80	658.00						
RINTAL 10HD	10-16.5	RINTAL 10-16.5 TL HD 10PR		FULLRUN			NEW TIRES		0.00	0.00	0	0	0	0	106.34	13.00	120.16	175.00	09/17/2014	155.00	09/17/2014	02/13/2015	12	02/13/2015	458917	12183	8065.00	01/01/0001	3067.02	47.00						
RINTAL 14R4	1400-24	RINTAL 1400-24 TL R4 12PR		FULLRUN			NEW TIRES		0.00	0.00	6	0	0	0	307.55	13.00	347.53	400.00	12/01/2014	375.00	12/01/2014	10/17/2014	6	01/17/2015	456167	12183	4600.00	01/01/0001	909.40	12.00						
RINTAL10R4	10-16.5	RINTAL 10-16.5 TL R4 10PR		FULLRUN			NEW TIRES		0.00	0.00	8	-4	0	0	66.29	13.00	74.90	110.00	09/17/2014	100.00	09/17/2014	02/13/2015	12	02/13/2015	458619	12183	5025.00	01/01/0001	1975.66	46.00						
RINTAL11	11L16	RINTAL 11L16 TL F3 12PR		FULLRUN			NEW TIRES		0.00	0.00	4	0	0	0	69.99	13.00	79.08	110.00	09/05/2014	90.00	09/05/2014	09/05/2014	9	09/21/2014	457629	11991	810.00	01/01/0001	250.08	8.00						
RINTAL12.5	12.5/80-18	RINTAL 12.5/80-18 12PR R4		FULLRUN			NEW TIRES		0.00	0.00	15	0	0	0	125.00	13.00	141.25	220.00	12/16/2014	200.00	12/16/2014	12/15/2014	21	01/17/2015	458382	12424	1920.00	01/01/0001	795.00	9.00						
RINTAL12HD	12-16.5	RINTAL 12-16.5 TL 12PR HD		FULLRUN			NEW TIRES		0.00	0.00	19	0	0	0	131.00	13.00	148.03	210.00	12/16/2014	190.00	12/16/2014	12/30/2014	46	02/13/2015	458799	12424	10650.00	01/01/0001	3707.00	53.00						
RINTAL12R4	12-16.5	RINTAL 12-16.5 TL R4 12PR		FULLRUN			NEW TIRES		0.00	0.00	39	0	0	0	85.00	13.00	96.05	145.00	12/16/2014	135.00	12/16/2014	12/30/2014	46	02/13/2015	458519	12424	14085.00	01/01/0001	5113.76	109.00						
RINTAL20.5L2	20.5-25	RINTAL 20.5-25 TL L2 16PR		FULLRUN			NEW TIRES		0.00	0.00	10	0	0	0	526.26	13.00	594.67	760.00	09/17/2014	675.00	09/17/2014	11/26/2014	11	01/19/2015	457971	12183	3610.00	01/01/0001	978.70	5.00						
RINTAL20E3	20.5-25	RINTAL 20.5-25 TL E3 16PR		FULLRUN			NEW TIRES		0.00	0.00	14	0	0	0	584.00	13.00	659.92	820.00	09/17/2014	720.00	09/17/2014	12/15/2014	17	01/19/2015	458042	12424	14380.00	01/01/0001	3613.98	19.00						
RINTAL23E3	23.5-25	RINTAL 23.5-25 TL E3 20PR		FULLRUN			NEW TIRES		0.00	0.00	12	0	0	0	783.00	13.00	884.79	1150.00	09/23/2014	1050.00	09/23/2014	12/30/2014	5	11/09/2014	456477	12424	5700.00	01/01/0001	1878.60	5.00						
RINTAL26E3	26.5-25	RINTAL 26.5-25 TL E3 28PR		FULLRUN			NEW TIRES		0.00	0.00	3	0	0	0	1298.56	13.00	1467.37	1950.00	09/17/2014	1750.00	09/17/2014	11/26/2014	3	09/22/2014	454917	12183	9700.00	01/01/0001	3207.20	5.00						
RIVERLAND03	295/75R22.5	LEAO 295/75R22.5 F16 HWY 14PR		UNIVERSAL			NEW TIRES		0.00	0.00	0	0	0	0	217.28	13.00	245.52	275.00	03/13/2014	255.00	03/13/2014	01/12/2015	1	02/24/2015	458906	12514	153067.00	05/13/2007	23385.42	594.00						
RIVERLAND09	20.5-25	OTANI 20.5-25 L3 20PR		FOREIGN			NEW TIRES		0.00	0.00	4	0	6	0	762.29	13.00	861.38	1050.00	03/04/2013	950.00	03/04/2013	11/26/2014	7	01/19/2015	457100	12357	111535.00	05/13/2007	23687.91	114.00						
ROADGUIDER02	23.5-25	OTANI 23.5-25 L3  20PR		FOREIGN		R-56L-3TLS	NEW TIRES		0.00	0.00	28	-3	16	0	1075.90	13.00	1215.77	1350.00	02/05/2015	1250.00	02/05/2015	12/30/2014	17	11/09/2014	458606	12357	263710.00	05/13/2007	64164.09	239.00						
ROADGUIDER09	1300-24	SECURITY 1300-24 R4 12PR		CHINESE			NEW TIRES		0.00	0.00	1	0	0	0	72.38	13.00	81.79	320.00	01/19/2015	280.00	01/19/2015	09/29/2014	1	02/11/2015	456989	984	2790.00	01/01/0001	1270.02	21.00						
ROADGUIDER12	SOLDOUT	ROADGUIDER 700-15 HWY 10P		CHINESE			NEW TIRES		0.00	0.00	0	0	0	0	42.41	13.00	47.92	65.00	05/20/2009	55.00	05/20/2009	07/23/2014	0	01/17/2015	452560	3373	2180.00	05/13/2007	763.07	39.00						
ROADGUIDER15	SOLDOUT	L-GUARD 12-16.5 14PR HD L203		QINGDA			NEW TIRES		0.00	0.00	0	0	0	0	186.51	13.00	210.76	250.00	04/01/2013	230.00	04/01/2013	11/26/2012	0	11/11/2013	428399	9435	118039.00	01/01/0001	28088.91	480.00						
ROADGUIDER16.5	12-16.5	SECURITY 12-16.5 TL 12PR SK400		UNIVERSAL			NEW TIRES		0.00	0.00	6	0	0	0	110.00	13.00	124.30	155.00	06/19/2014	135.00	06/19/2014	12/30/2014	6	02/13/2015	455401	11817	20670.00	01/01/0001	4200.35	152.00						
ROADGUIDER23	SOLDOUT	L-GUARD 1400x24 G2/L2 12PR		QINGDA			NEW TIRES		0.00	0.00	0	0	0	0	401.03	13.00	453.16	440.00	01/28/2013	400.00	01/28/2013	11/26/2012	1	03/13/2014	439227	9436	41441.00	01/01/0001	6684.34	117.00						
ROADGUIDER49	SOLDOUT	FORERUNNER 10-16.5 12PR L4		TIREMAST			NEW TIRES		0.00	0.00	0	-2	36	0	161.22	13.00	182.18	190.00	04/23/2013	170.00	04/23/2013	02/21/2013	0	11/11/2013	424089	9824	41555.00	01/01/0001	9136.25	227.00						
ROADPRO22.5	285/75R18	WILDTRAC 285/75R18		CHINESE		RS102	NEW TIRES		0.00	0.00	2	0	0	0	260.57	13.00	294.44	120.00	03/21/2014	120.00	03/21/2014	09/29/2014	2	01/17/2015	426286	7658	36640.00	01/01/0001	4329.32	124.00						
ROADPRO245	285/75R24.5	ROADPRO 285/75R24.5 TRACC R610		CHINESE			NEW TIRES		0.00	0.00	1	0	0	0	284.62	13.00	321.62	275.00	10/03/2014	255.00	10/03/2014	11/07/2014	1	01/17/2015	439267	7839	7550.00	01/01/0001	1003.74	23.00						
ROADPRORD412	255/65R17	FIRESTONE 255/65R17		CHINESE		RD412	NEW TIRES		0.00	0.00	1	0	0	0	269.61	13.00	304.66	135.00	03/21/2014	135.00	03/21/2014	12/27/2011	1	01/17/2015	450798	7658	15765.00	01/01/0001	1475.67	53.00						
ROADRIDER205	SOLDOUT	ROADRIDER ST205/75R15 6PR		ACME			NEW TIRES		0.00	0.00	0	0	0	0	54.75	13.00	61.87	70.00	03/16/2011	65.00	03/16/2011	08/29/2013	0	01/21/2014	427663	10539	4656.00	01/01/0001	817.30	68.00						
ROADSTONE235	235/70R17	ROADSTONE 235/70R17 108S		ACME		12000345538	NEW TIRES		0.00	0.00	4	0	0	0	89.00	13.00	100.57	110.00	10/17/2011	100.00	10/17/2011	02/24/2015	0	02/05/2015	458124	12679	200.00	01/01/0001	22.00	2.00						
SAMSON300	300-15	SAMSON 300-15 IND PREM		DOBERMANN		24290-2	NEW TIRES		0.00	0.00	3	0	0	0	275.00	13.00	310.75	330.00	04/01/2013	310.00	04/01/2013	09/12/2014	3	01/17/2015	455607	12022	990.00	01/01/0001	165.00	3.00						
SAMSON500	500-8	SAMSON 500-8 GRIP TUBE/FLAP		DOBERMANN		44015-2	NEW TIRES		0.00	0.00	0	0	0	0	41.25	13.00	46.61	48.00	10/14/2010	58.00	05/02/2014	01/19/2015	0	02/27/2015	458064	12540	456.00	01/01/0001	126.00	8.00						
SCRAP	SCRAP	NEW TIRE STATE FEE							0.00	0.00	0	2	0	0	0.00	13.00	0.00	1.00		1.00			0		458934	0	123083.60	05/13/2007	123083.60	122710.00						
SEALER	PARTS	SEALER							0.00	0.00	0	0	0	0	50.00	13.00	56.50	75.00		75.00		10/03/2011	0	05/15/2007	458443	0	10794.90	06/01/2007	-238655.10	4989.00						
SECTION REPAIR	SECTION REPAIR	SECTION REPAIR					MOUNTS		0.00	0.00	0	0	0	0	1.00	13.00	1.13	1.00		1.00		05/21/2007	0	05/21/2007	457006	0	25376.52	05/23/2007	25245.52	131.00						
SECURITY02	1000-20	KSRJ 1000-20 HWY 14PR		UNIVERSAL	SUPERGARGO	KJRS/SECURITY	NEW TIRES		0.00	0.00	4	-1	0	0	157.49	13.00	177.96	190.00	01/07/2014	170.00	01/30/2014	09/29/2014	4	02/26/2015	446574	11248	866992.88	05/13/2007	116265.98	5275.00						
SECURITY03	SOLDOUT	FORERUNER 19.5L24 12PR R-4		TIREMAST			NEW TIRES		0.00	0.00	0	0	0	0	392.97	13.00	444.06	495.00	01/28/2013	460.00	01/28/2013	12/17/2013	0	01/09/2014	434624	11015	159110.98	01/01/0001	45446.10	322.00						
SECURITY04	11-22.5	SECURITY 11-22.5 HWY 14PR		CHINESE			NEW TIRES		0.00	0.00	13	0	0	0	131.00	13.00	148.03	190.00	01/30/2014	170.00	01/30/2014	10/13/2010	13	01/17/2015	450962	5327	279388.72	01/01/0001	50602.40	1849.00						
SECURITY14	14-17.5	SECURITY 14-17.5 SKS-1 14PR		UNIVERSAL		13266	NEW TIRES		0.00	0.00	2	0	0	0	186.95	13.00	211.25	260.00	07/12/2012	240.00	07/12/2012	11/07/2014	2	01/17/2015	456513	12281	2300.00	01/01/0001	607.20	9.00						
SENTAIDA01	245/70R19.5	LEAO 245/70R19.5 HWY 14PR		UNIVERSAL			NEW TIRES		0.00	0.00	4	0	0	0	149.58	13.00	169.02	180.00	06/13/2014	170.00	06/13/2014	09/15/2014	4	01/17/2015	445762	11663	269305.00	05/13/2007	34575.37	1143.00						
SENTAIDA03	11R24.5	LINLONG 11R24.5 TRL 14PR T810		TGI			NEW TIRES		0.00	0.00	8	0	0	0	279.34	13.00	315.65	270.00	10/03/2014	250.00	10/03/2014	01/08/2015	8	01/21/2015	401816	8778	101755.82	05/13/2007	13508.67	426.00						
SENTAIDA07	SOLDOUT	LEAO 285/75R24.5 HWY LRG		UNIVERSAL			NEW TIRES		0.00	0.00	0	0	0	0	195.93	13.00	221.40	245.00	08/18/2009	225.00	08/18/2009	06/08/2011	0	11/11/2013	348091	3675	33619.00	05/13/2007	5215.30	139.00						
SENTAIDA08	285/75R24.5	LINGLONG 285/75R24.5 14P TRAC		TIREMAST			NEW TIRES		0.00	0.00	0	0	0	0	285.21	13.00	322.28	295.00	03/13/2014	275.00	03/13/2014	11/07/2014	0	01/17/2015	440265	9794	31115.00	05/13/2007	3413.53	128.00						
SENTAIDA10	255/70R16	MICHELIN 255/70R16		UNIVERSAL			NEW TIRES		0.00	0.00	1	0	0	0	138.04	13.00	155.99	145.00	03/21/2014	145.00	03/21/2014	06/08/2011	1	02/26/2015	367490	4839	11200.00	05/13/2007	2047.58	66.00						
SENTAIDA11	SOLDOUT	WESTLAKE 235/75R17.5 HWY 16PR		TYRES			NEW TIRES		0.00	0.00	0	0	0	0	158.74	13.00	179.38	200.00	01/28/2013	160.00	04/05/2013	02/26/2013	0	11/11/2013	423343	10449	35566.00	05/13/2007	6526.50	193.00						
SENTAIDA12	215/75R17.5	LEAO 215/75R17.5 16P HWY F-86		UNIVERSAL			NEW TIRES		0.00	0.00	0	-1	0	0	102.33	13.00	115.63	150.00	11/26/2014	130.00	11/26/2014	05/30/2014	3	01/17/2015	458637	11598	23571.00	05/13/2007	4661.72	175.00						
SENTAIDA23	265/70R19.5	ATLAS 265/70R19.5 HWY 14PR		TGI			NEW TIRES		0.00	0.00	4	0	0	0	150.00	13.00	169.50	180.00	08/21/2014	160.00	08/21/2014	08/22/2014	4	01/17/2015	400504	11930	22890.28	01/01/0001	4167.13	108.00						
SENTAIDA55	SOLDOUT	LEAO 285/75R24.5 LUG 14PR		BRAND			NEW TIRES		0.00	0.00	0	0	0	0	279.92	13.00	316.31	335.00	12/02/2011	315.00	12/02/2011	05/03/2012	0	11/11/2013	394291	7610	40798.00	01/01/0001	5964.30	150.00						
SHIPPING	MISC	SHIPPING							0.00	0.00	0	0	0	0	1.00	13.00	1.13	1.00		1.00		11/12/2007	0	11/12/2007	458318	0	4091.02	01/01/0001	3496.02	595.00						
SHOCK	SHOCK ABS	SHOCK ABSORBERS					ALIGNMENT		0.00	0.00	0	0	0	0	1.00	13.00	1.13	0.00		0.00			0		452973	0	10744.45	05/13/2007	10637.45	107.00						
SINORIENT10HD	SOLDOUT	SINORIENT 10-16.5 10PR HD		QINGDAOSIN			NEW TIRES		0.00	0.00	0	0	0	0	123.90	13.00	140.01	195.00	04/22/2014	175.00	04/22/2014	12/08/2014	0	01/17/2015	450083	11447	31495.00	01/01/0001	7210.60	196.00						
SINORIENT10R4	10-16.5	SECURITY 10-16.5 SK400 10PR		UNIVERSAL			NEW TIRES		0.00	0.00	6	0	0	0	89.00	13.00	100.57	115.00	06/24/2014	103.00	06/24/2014	02/13/2015	7	02/13/2015	458187	11817	13083.00	01/01/0001	3538.00	113.00						
SINORIENT12	SOLDOUT	GRIPPER 12-16.5 LUG 10PR		ROAD		D002002.GRI	NEW TIRES		0.00	0.00	3	0	0	0	106.67	13.00	120.54	155.00	04/22/2014	125.00	06/24/2014	12/30/2014	3	01/17/2015	455068	12326	14990.00	01/01/0001	4364.96	101.00						
SINORIENT12HD	SOLDOUT	SINORIENT 12-16.5 12PR HD		QINGDAOSIN			NEW TIRES		0.00	0.00	0	0	0	0	146.43	13.00	165.47	210.00	03/05/2013	190.00	03/05/2013	12/30/2014	0	01/17/2015	456044	11447	73385.00	01/01/0001	18913.04	372.00						
SINORIENT15	15-19.5	SINORIENT 15-19.5 R-4 14PR		QINGDAOSIN			NEW TIRES		0.00	0.00	1	0	0	0	246.99	13.00	279.09	330.00	08/06/2013	300.00	04/22/2014	05/08/2014	2	01/17/2015	456722	11447	8085.00	01/01/0001	2157.24	24.00						
SINORIENT16.5	SOLDOUT	TIBER 12-16.5 R-4 12PR		CHINESE			NEW TIRES		0.00	0.00	0	0	0	0	114.06	13.00	128.89	150.00	08/06/2013	135.00	01/14/2014	08/28/2013	0	03/25/2014	438033	10534	22235.00	01/01/0001	3974.86	160.00						
SINORIENT17.5	14-17.5	SINORIENT 14-17.5 14PR R4		QINGDAOSIN			NEW TIRES		0.00	0.00	2	0	0	0	204.54	13.00	231.13	260.00	04/22/2014	240.00	04/22/2014	04/22/2014	2	01/17/2015	456404	11447	19950.00	01/01/0001	3638.57	80.00						
SINORIENT23.5	SOLDOUT	SINORIENT 23.5-25 L-3 20PR		CHINESE			NEW TIRES		0.00	0.00	0	0	0	0	902.46	13.00	1019.78	1083.00	05/07/2013	1020.00	05/07/2013	11/26/2014	0	11/09/2014	442214	10534	23271.00	01/01/0001	2514.49	23.00						
SOLID	12X5-1/2X8	POLY 12x5-1/2x8 (TI-120)					NEW TIRES		0.00	0.00	4	0	0	0	104.11	13.00	117.64	150.00	03/03/2014	140.00	03/03/2014	03/03/2014	5	01/17/2015	458591	0	2465.00	01/01/0001	540.59	21.00						
SOLID 28X9	815-15	L-GUARD 815X15 LUG 7inch		CHINESE			NEW TIRES		0.00	0.00	20	0	4	0	189.27	13.00	213.88	315.00	03/16/2011	300.00	03/16/2011	07/23/2014	22	01/17/2015	458198	11778	151273.00	01/01/0001	32333.49	512.00						
SOLID01	10X5X6-1/2	SOLID 10x5x6-1/2 WT LUG		MITCO			NEW TIRES		0.00	0.00	8	0	0	0	27.11	13.00	30.63	48.00	03/16/2011	38.00	03/16/2011	09/29/2014	8	11/09/2014	425709	9186	509.00	05/13/2007	27.24	19.00						
SOLID02	14X4-1/2X8	WIDETRACK 14x4-1/2x8 LUG		MITCO			NEW TIRES		0.00	0.00	11	0	0	0	45.21	13.00	51.09	69.00	03/16/2011	59.00	03/16/2011	12/15/2014	9	01/17/2015	455992	12422	34137.00	05/13/2007	11116.86	595.00						
SOLID03	14X4-1/2X8	WIDETRACK 14X4-1/2X8 LUG NM		MITCO		04285102	NEW TIRES		0.00	0.00	6	0	0	0	54.05	13.00	61.08	75.00	03/16/2011	65.00	03/16/2011	12/15/2014	6	01/17/2015	455494	12244	2961.00	05/13/2007	361.41	47.00						
SOLID04	16X5X10-1/2	WIDETRACK 16x5x10-1/2 LUG		MITCO			NEW TIRES		0.00	0.00	7	-2	0	0	54.15	13.00	61.19	80.00	03/16/2011	70.00	03/16/2011	01/12/2015	7	02/27/2015	457864	12039	46760.00	05/13/2007	12069.68	726.00						
SOLID05	16X5X10-1/2	WIDETRACK 16X5X10-1/2 LUG NM		MITCO			NEW TIRES		0.00	0.00	22	0	0	0	64.98	13.00	73.43	90.00	03/16/2011	85.00	05/13/2013	01/12/2015	22	02/27/2015	458305	12422	12724.00	05/13/2007	2734.14	161.00						
SOLID06	16X6X10-1/2	WIDETRACK 16x6x10-1/2 LUG		MITCO		04400101	NEW TIRES		0.00	0.00	5	-2	0	0	65.79	13.00	74.34	95.00	03/16/2011	85.00	03/16/2011	12/15/2014	5	02/27/2015	446360	11679	20150.00	05/13/2007	4906.07	266.00						
SOLID07	16X6X10-1/2	WIDETRACK 16X6X10-1/2 LUG NM		MITCO		04400102	NEW TIRES		0.00	0.00	2	0	0	0	90.49	13.00	102.25	115.00	01/12/2015	105.00	01/12/2015	01/12/2015	2	02/27/2015	458292	12516	5520.00	05/13/2007	603.96	60.00						
SOLID08	16-1/4X5X11-1/4	WIDETRACK 16-1/4X5X11-1/4 LUG		MITCO		04415101	NEW TIRES		0.00	0.00	8	0	0	0	45.21	13.00	51.09	82.00	01/24/2011	70.00	03/21/2011	12/15/2014	8	01/19/2015	449113	12244	4472.00	05/13/2007	1014.99	70.00						
SOLID09	16-1/4X5X11-1/4	WIDETRACK 16-1/4X5X11-1/4 L NM		MITCO			NEW TIRES		0.00	0.00	6	0	0	0	64.98	13.00	73.43	85.00	03/16/2011	80.00	05/13/2013	12/15/2014	6	01/19/2015	436425	6402	1736.00	05/13/2007	-225.38	26.00						
SOLID1	10X4-1/2X8	POLY 10X4-1/2X8 (TI-102)					NEW TIRES		0.00	0.00	2	0	0	0	65.89	13.00	74.45	110.00	03/03/2014	100.00	03/03/2014	09/29/2014	3	11/09/2014	456235	0	90.00	01/01/0001	34.11	0.00						
SOLID10	16-1/4X6X11-1/4	WIDETRACK 16-1/4X6X11-1/4 LUG		MITCO			NEW TIRES		0.00	0.00	4	0	0	0	65.81	13.00	74.36	92.00	03/16/2011	82.00	03/16/2011	02/26/2015	2	01/19/2015	454040	12687	7690.00	05/13/2007	1595.11	111.00						
SOLID1001	10X5X6-1/2	POLY 10X5X6-1/2 (TI-075)					NEW TIRES		0.00	0.00	1	0	0	0	71.01	13.00	80.24	115.00	03/03/2014	105.00	03/03/2014	09/29/2014	0	11/09/2014	457394	0	1185.00	01/01/0001	380.91	12.00						
SOLID101/2	10-1/2X5X6-1/2	SOLID 10-1/2X5X6 1/2 SMOOTH		MITCO		06175001	NEW TIRES		0.00	0.00	0	0	0	0	50.98	13.00	57.61	65.00	09/29/2014	60.00	09/29/2014	09/29/2014	-2	01/17/2015	454945	12072	435.00	01/01/0001	39.76	11.00						
SOLID102	22X8X16	WIDETRACK 22X8X16 LUG NM		MITCO		06645102	NEW TIRES		0.00	0.00	0	0	0	0	216.51	13.00	244.66	260.00	06/02/2011	245.00	06/02/2011	02/03/2014	0	01/17/2015	414619	9724	1040.00	01/01/0001	173.96	4.00						
SOLID105	16X5X10-1/2	SUPER SOLID 16X5X10-1/2 SM NM		MITCO		06395002	NEW TIRES		0.00	0.00	9	0	0	0	122.12	13.00	137.99	185.00	03/21/2011	165.00	03/21/2011	02/16/2015	9	02/27/2015	457327	12647	7946.00	01/01/0001	2045.54	60.00						
SOLID106	10X5X6-1/2	SOLID 10X5X6-1/2 WT SM NM		MITCO			NEW TIRES		0.00	0.00	3	0	0	0	32.08	13.00	36.25	42.00		38.00		09/29/2014	3	11/09/2014	416615	9186	434.00	01/01/0001	81.12	11.00						
SOLID108	15-1/2X6X10	SOLID 15-1/2x6x10 LUG		MITCO			NEW TIRES		0.00	0.00	0	0	0	0	372.57	13.00	421.00	115.00	07/30/2014	105.00	07/30/2014	05/08/2014	0	01/17/2015	447857	2947	3815.00	01/01/0001	-1099.33	17.00						
SOLID109	140X55-9	SOLID 140x55-9 4.0inch		SOLIDEAL			NEW TIRES		0.00	0.00	0	0	0	0	96.50	13.00	109.04	125.00	08/26/2011	118.00	08/26/2011	05/03/2012	0	01/17/2015	422721	7087	996.00	01/01/0001	290.07	13.00						
SOLID11	16-1/4X6X11-1/4	WIDETRACK 16-1/4X6X11-1/4 L NM		MITCO			NEW TIRES		0.00	0.00	10	0	0	0	78.97	13.00	89.24	100.00	01/24/2011	95.00	05/13/2013	12/15/2014	10	01/19/2015	432926	8479	2166.00	05/13/2007	560.28	26.00						
SOLID113	13X5-1/2X9-1/2	POLY 13x5-1/2x9-1/2 (TI-201)					NEW TIRES		0.00	0.00	4	0	0	0	117.42	13.00	132.68	160.00	12/16/2013	150.00	12/16/2013	03/03/2014	4	01/23/2015	432758	0	584.00	01/01/0001	544.00	4.00						
SOLID114	13-1/2X6X10-1/2	POLY 13-1/2x6x10-1/2 (TI-159)					NEW TIRES		0.00	0.00	7	0	0	0	118.47	13.00	133.87	170.00	03/03/2014	160.00	03/03/2014	03/03/2014	7	02/02/2015	430294	0	650.00	01/01/0001	194.35	5.00						
SOLID115	15X5X11-1/4	WIDETRACK 15X5X11-1/4 LUG		MITCO			NEW TIRES		0.00	0.00	4	-4	0	0	84.74	13.00	95.76	70.00	09/09/2013	60.00	09/09/2013	05/08/2014	4	02/24/2015	446729	7837	606.00	01/01/0001	-71.92	8.00						
SOLID118	18X5X12-1/8	WIDETRACK 18X5X12-1/8 SM NM		MITCO			NEW TIRES		0.00	0.00	4	0	0	0	84.06	13.00	94.99	105.00	03/16/2011	100.00	05/13/2013	09/29/2014	4	01/17/2015	450141	12090	1498.00	01/01/0001	236.26	17.00						
SOLID119	10X7X6-1/2	POLY 10x7x6-1/2 (TI-081)		MITCO			NEW TIRES		0.00	0.00	2	0	0	0	113.68	13.00	128.45	150.00	12/16/2013	140.00	12/16/2013	09/29/2014	2	11/09/2014	397884	8053	98360.00	01/01/0001	-1081.12	134.00						
SOLID12	18X5X12-1/8	WIDETRACK 18X5X12-1/8 LUG		MITCO			NEW TIRES		0.00	0.00	1	0	0	0	67.20	13.00	75.94	95.00	03/16/2011	85.00	03/16/2011	06/30/2014	1	01/17/2015	452893	11696	1565.00	05/13/2007	562.60	21.00						
SOLID123	10-16.5	10-16.5 SOLID TIRE+WHEEL		MITCO			NEW TIRES		0.00	0.00	11	0	0	0	475.00	13.00	536.75	630.00	02/04/2015	580.00	02/04/2015	02/13/2015	8	02/13/2015	458655	12614	54320.00	01/01/0001	9187.64	97.00						
SOLID124	12X4-1/2X8	SOLID 12X4-1/2X8 WT SM		MITCO			NEW TIRES		0.00	0.00	7	0	0	0	33.48	13.00	37.83	50.00	10/14/2010	45.00	10/14/2010	01/21/2014	7	01/17/2015	451571	8408	370.00	01/01/0001	102.16	8.00						
SOLID124128	12X4-1/2X8	POLY 12x4-1/2x8 HL (TI-117)					NEW TIRES		0.00	0.00	4	0	0	0	86.17	13.00	97.37	135.00	12/09/2011	120.00	03/07/2013	01/21/2014	4	01/17/2015	455062	0	840.00	01/01/0001	236.81	7.00						
SOLID125	18X7X12-1/8	SUPER SOLID 18x7x12-1/8 LUG NM		MITCO			NEW TIRES		0.00	0.00	2	0	0	0	133.57	13.00	150.93	220.00	03/21/2011	200.00	03/21/2011	12/06/2013	2	01/17/2015	428962	10598	3480.00	01/01/0001	861.32	22.00						
SOLID128	28X10X22	SOLID 28x10x22 WT SM		MITCO			NEW TIRES		0.00	0.00	0	0	0	0	352.27	13.00	398.06	440.00	03/21/2011	400.00	03/21/2011	09/29/2014	0	11/12/2013	341457	3716	640.00	01/01/0001	107.92	2.00						
SOLID129	22X7X16	WIDETRACK 22X7X16 SM		MITCO			NEW TIRES		0.00	0.00	0	0	0	0	148.68	13.00	168.01	220.00	10/22/2010	200.00	10/22/2010	12/13/2013	0	01/17/2015	433460	10990	1080.00	01/01/0001	218.12	6.00						
SOLID13	18X5X12-1/8	WIDETRACK 18X5X12-1/8 LUG NM		MITCO			NEW TIRES		0.00	0.00	0	0	0	0	63.12	13.00	71.33	105.00	03/16/2011	100.00	05/13/2013	06/30/2014	0	01/17/2015	373202	5272	962.00	05/13/2007	266.60	10.00						
SOLID1310	13-1/2X5	SOLID 13-1/2X5-1/2X10 WT SM		MAIN			NEW TIRES		0.00	0.00	7	0	0	0	79.91	13.00	90.29	105.00	12/09/2011	95.00	12/09/2011	03/03/2014	9	02/02/2015	457583	7637	705.00	01/01/0001	145.63	7.00						
SOLID134	12X5X8	POLY 12x5x8 (TI-119)		DOBERMANN			NEW TIRES		0.00	0.00	6	0	0	0	98.60	13.00	111.41	145.00	03/03/2014	135.00	03/03/2014	01/14/2015	6	01/17/2015	456337	12524	27079.00	01/01/0001	6183.20	180.00						
SOLID13510	13X5-1/2X10	POLY 13x5-1/2x10 (TI-209)					NEW TIRES		0.00	0.00	5	0	0	0	130.24	13.00	147.17	170.00	03/03/2014	160.00	03/03/2014	03/03/2014	4	01/23/2015	450629	0	410.00	01/01/0001	79.40	3.00						
SOLID1380	13-1/2X5	POLY 13-1/2x5-1/2x10 (TI-150)		MAIN			NEW TIRES		0.00	0.00	2	0	0	0	115.73	13.00	130.77	165.00	03/03/2014	155.00	03/03/2014	03/03/2014	4	02/02/2015	457765	7637	3870.00	01/01/0001	770.84	28.00						
SOLID139	12X5X9	POLY 12x5x9 (TI-142)		MITCO			NEW TIRES		0.00	0.00	6	0	0	0	89.64	13.00	101.29	140.00	03/03/2014	130.00	03/03/2014	03/03/2014	6	01/17/2015	453890	5377	4320.00	01/01/0001	-158.36	36.00						
SOLID14	18X6X12-1/8	WIDETRACK 18X6X12-1/8 LUG		CHINESE		04485101	NEW TIRES		0.00	0.00	3	0	0	0	62.00	13.00	70.06	110.00	03/16/2011	101.00	03/16/2011	10/21/2014	3	01/17/2015	458155	11778	87044.00	05/13/2007	19279.98	948.00						
SOLID141	13.5X4.5X8	SOLID 13-1/2x4-1/2x8 WT SM NM		MITCO			NEW TIRES		0.00	0.00	0	0	0	0	110.14	13.00	124.46	135.00		125.00		12/09/2011	0	01/23/2015	356885	3953	270.00	01/01/0001	49.72	2.00						
SOLID142	22X12X16	WIDETRACK 22X12X16 LUG		MITCO		4665101	NEW TIRES		0.00	0.00	8	0	0	0	227.16	13.00	256.69	315.00	05/08/2012	275.00	05/13/2013	08/14/2014	8	01/17/2015	452679	11889	10155.00	01/01/0001	1918.72	37.00						
SOLID145	500-8	SOLID 500x8 RIB DURO SOFT		MITCO			NEW TIRES		0.00	0.00	4	0	0	0	84.54	13.00	95.53	110.00		100.00		10/21/2014	4	02/27/2015	458856	3468	162.00	01/01/0001	-7.08	2.00						
SOLID146	600-9	MITCO 600-9 GS 4inch SOLID LUG		MITCO		24300101	NEW TIRES		0.00	0.00	4	0	0	0	103.62	13.00	117.09	130.00	09/22/2014	120.00	09/22/2014	01/23/2015	8	01/27/2015	457163	12550	780.00	01/01/0001	48.00	6.00						
SOLID148	28X12X22	WIDETRACK 28X12X22 SM		MITCO		09805001	NEW TIRES		0.00	0.00	0	0	0	0	385.15	13.00	435.21	400.00	01/24/2011	375.00	01/24/2011	01/23/2015	2	09/22/2014	457324	12550	17150.00	01/01/0001	2614.52	48.00						
SOLID149	20X9X15	WIDETRACK 20X9X15 LUG		MITCO			NEW TIRES		0.00	0.00	0	0	0	0	223.36	13.00	252.40	275.00		255.00		05/18/2011	0	01/19/2015	0	6526	0.00	01/01/0001	0.00	0.00						
SOLID15	18X6X12-1/8	WIDETRACK 18X6X12-1/8 LUG NM		MITCO			NEW TIRES		0.00	0.00	6	0	0	0	97.39	13.00	110.05	125.00	03/16/2011	120.00	05/13/2013	10/21/2014	6	01/17/2015	456050	11811	24473.00	05/13/2007	4817.49	227.00						
SOLID153	22X9X16	WIDETRACK 22X9X16 LUG NM		MITCO			NEW TIRES		0.00	0.00	0	0	0	0	201.49	13.00	227.68	240.00	11/11/2008	220.00	11/11/2008	11/26/2012	0	01/17/2015	416907	9437	1800.00	01/01/0001	244.60	8.00						
SOLID158	15X5X11-1/4	MAINE GREY 15x5x11-1/4 SM NM		MAIN			NEW TIRES		0.00	0.00	4	0	0	0	98.27	13.00	111.05	150.00	03/21/2011	130.00	03/21/2011	05/08/2014	4	02/24/2015	427377	10792	3314.00	01/01/0001	1047.12	30.00						
SOLID159	16X6X10-1/2	SUPER SOLID 16x6x10-1/2 SM NM		MITCO			NEW TIRES		0.00	0.00	4	0	0	0	122.12	13.00	137.99	150.00	06/16/2011	140.00	06/16/2011	12/15/2014	4	02/27/2015	453474	12090	6010.00	01/01/0001	575.00	46.00						
SOLID16	18X8X12-1/8	SOLID 18x8x12-1/8 WT LUG		MITCO		04495101	NEW TIRES		0.00	0.00	6	0	0	0	108.63	13.00	122.75	145.00	03/16/2011	135.00	03/16/2011	01/12/2015	6	01/17/2015	453029	12516	9078.00	05/13/2007	1512.54	82.00						
SOLID163	16X3-1/2X12-1/8	SOLID 16X3-1/2X12-1/8 SM		MITCO		06370001	NEW TIRES		0.00	0.00	2	0	0	0	52.21	13.00	58.99	65.00	06/16/2011	60.00	06/16/2011	01/12/2015	2	01/23/2015	456241	12516	286.00	01/01/0001	77.16	4.00						
SOLID171	21X8X15	WIDETRACK 21X8X15 SM		MITCO			NEW TIRES		0.00	0.00	12	0	0	0	135.58	13.00	153.21	185.00		162.00		03/24/2014	14	01/17/2015	458482	11359	5798.00	01/01/0001	2251.04	36.00						
SOLID172	13-1/2X5	POLY 13-1/2x5-1/2x8 (TI-133)					NEW TIRES		0.00	0.00	6	0	0	0	134.54	13.00	152.03	180.00	03/03/2014	170.00	03/03/2014	03/03/2014	6	02/02/2015	454415	0	1540.00	01/01/0001	297.18	11.00						
SOLID179	10-1/2X5X6-1/2	POLY 10-1/2x5x6-1/2 (TI-083)					NEW TIRES		0.00	0.00	4	0	0	0	80.93	13.00	91.45	115.00	03/03/2014	105.00	03/03/2014	09/29/2014	4	01/17/2015	426898	0	1315.00	01/01/0001	409.75	17.00						
SOLID18	21X7X15	SUPER SOLID 21X7X15 LUG		MITCO		06605101	NEW TIRES		0.00	0.00	41	-2	0	0	115.25	13.00	130.23	152.00	03/16/2011	145.00	05/13/2013	02/17/2015	53	02/16/2015	458800	12542	204574.00	05/13/2007	52057.43	1594.00						
SOLID181	16-1/4X6X11-1/4	SUPER SOLID 16.25x6X11.25 SM					NEW TIRES		0.00	0.00	0	0	0	0	0.00	13.00	0.00	118.00	08/27/2008	118.00	01/09/2009	12/15/2014	0	01/19/2015	381290	0	396.00	01/01/0001	396.00	4.00						
SOLID182	500-8	SOLID 500x8 TIRE + WHEEL		MITCO			NEW TIRES		0.00	0.00	6	0	0	0	68.15	13.00	77.00	89.00		79.00		10/21/2014	6	02/27/2015	373712	6526	1068.00	01/01/0001	243.48	12.00						
SOLID1881	18X8X12-1/8	SOLID 18X8X12-1/8 WT LUG NM		MITCO			NEW TIRES		0.00	0.00	3	0	0	0	134.38	13.00	151.84	165.00	10/14/2010	155.00	10/14/2010	09/03/2013	3	01/17/2015	424404	10550	930.00	01/01/0001	121.02	6.00						
SOLID189	12X5X8	SOLID 12x5x8 SM		MITCO		06238001	NEW TIRES		0.00	0.00	2	0	0	0	54.40	13.00	61.47	90.00	03/21/2011	80.00	03/21/2011	01/12/2015	6	01/17/2015	456966	12516	2835.00	01/01/0001	1003.52	33.00						
SOLID19	21X7X15	WIDETRACK 21X7X15 SM		MITCO		04605001  11954	NEW TIRES		0.00	0.00	6	0	7	0	119.54	13.00	135.08	152.00	03/16/2011	145.00	05/13/2013	02/17/2015	10	02/16/2015	458350	12571	44018.00	05/13/2007	12472.75	333.00						
SOLID191	825-15	SOLID 825X15 LUG NM 6.5inch		MITCO			NEW TIRES		0.00	0.00	0	0	0	0	444.30	13.00	502.05	550.00	08/29/2012	520.00	08/29/2012	07/23/2014	0	01/17/2015	429003	10619	3030.00	01/01/0001	364.20	6.00						
SOLID20	21X7X15	SUPER SOLID 21X7X15 LUG NM		MITCO		06605102	NEW TIRES		0.00	0.00	12	8	0	0	170.18	13.00	192.30	220.00	10/20/2011	200.00	10/20/2011	02/17/2015	12	02/16/2015	453481	12647	31200.00	05/13/2007	7332.92	178.00						
SOLID200	200X50-10	SOLID 200X50-10 6.5inch		MITCO		25845102	NEW TIRES		0.00	0.00	8	0	0	0	148.96	13.00	168.32	190.00	02/17/2015	170.00	02/17/2015	02/17/2015	6	01/19/2015	452660	12647	2080.00	01/01/0001	325.76	16.00						
SOLID201	10X4.75X6.5	SOLID 10x4-3/4x6-1/2 WT SM					NEW TIRES		0.00	0.00	0	0	0	0	27.91	13.00	31.53	50.00	03/21/2011	40.00	03/21/2011	09/29/2014	0	11/09/2014	435139	0	400.00	01/01/0001	204.63	7.00						
SOLID20616	20X6X16	WIDETRACK 20X6X16 LUG		MITCO			NEW TIRES		0.00	0.00	0	0	0	0	100.47	13.00	113.53	135.00	03/16/2011	120.00	03/16/2011	03/08/2013	0	01/19/2015	416259	9885	520.00	01/01/0001	118.12	4.00						
SOLID21	18X7X12-1/8	L-GUARD 18x7x12-1/8 LUG		CHINESE		4490101	NEW TIRES		0.00	0.00	94	0	8	0	75.45	13.00	85.26	125.00	03/16/2011	115.00	03/16/2011	07/16/2014	94	01/17/2015	452725	11778	19183.00	05/13/2007	3940.75	187.00						
SOLID214	10X5X8	SOLID 10x5x8 WT LUG					NEW TIRES		0.00	0.00	0	0	0	0	18.00	13.00	20.34	30.00	11/18/2010	30.00	11/17/2010	09/29/2014	0	11/09/2014	0	0	0.00	01/01/0001	0.00	0.00						
SOLID215	10-1/2X4-1/2X8	POLY 10-1/2x4-1/2x8 (TI-107)					NEW TIRES		0.00	0.00	4	0	1	0	59.88	13.00	67.66	105.00	03/03/2014	95.00	03/03/2014	09/29/2014	4	01/17/2015	395837	11448	150.00	01/01/0001	57.88	2.00						
SOLID218	21X8X15	WIDETRACK 21X8X15 SM NM		MITCO			NEW TIRES		0.00	0.00	6	0	0	0	162.70	13.00	183.85	200.00	10/14/2010	185.00	05/13/2013	01/12/2015	6	01/17/2015	455780	12516	2660.00	01/01/0001	382.20	14.00						
SOLID219	21X8X15	WIDETRACK 21X8X15 LUG NM		MITCO			NEW TIRES		0.00	0.00	0	0	0	0	157.75	13.00	178.26	200.00	06/19/2012	185.00	05/13/2013	08/18/2014	0	01/17/2015	451551	11872	6310.00	01/01/0001	1181.56	32.00						
SOLID22	500-8	ECO-SOLID 500x8-3inch LUG		MITCO		24218101	NEW TIRES		0.00	0.00	22	0	0	0	70.83	13.00	80.04	91.00	03/16/2011	81.00	03/16/2011	10/21/2014	22	02/27/2015	458204	12178	42086.00	05/13/2007	9992.70	539.00						
SOLID221	18X7-8	SOLID 18X7-8 LUG NM					NEW TIRES		0.00	0.00	2	0	0	0	110.95	13.00	125.37	139.00	12/06/2013	129.00	12/06/2013	12/06/2013	2	01/17/2015	435232	0	794.00	01/01/0001	128.30	6.00						
SOLID2212	22X12X16	WIDETRACK 22X12X16 SM NM		MITCO			NEW TIRES		0.00	0.00	0	0	0	0	277.21	13.00	313.25	335.00	10/22/2010	345.00	03/19/2014	03/21/2014	0	01/17/2015	439877	11352	5280.00	01/01/0001	-1373.04	24.00						
SOLID222	21X7X15	SOLID 21X7X15 GREY SM NM		MAIN			NEW TIRES		0.00	0.00	3	0	0	0	176.20	13.00	199.10	230.00	03/05/2014	210.00	03/05/2014	02/17/2015	3	02/16/2015	444000	10792	5260.00	01/01/0001	567.00	28.00						
SOLID223	15X4-1/2-8	SUPER SOLID 15x4-1/2-8 LUG NM					NEW TIRES		0.00	0.00	2	0	0	0	79.63	13.00	89.98	102.00	12/06/2013	92.00	12/06/2013	09/29/2014	2	01/17/2015	435825	0	368.00	01/01/0001	49.48	4.00						
SOLID229	22X9X16	WIDETRACK 22X9X16 SM		MITCO		04650001	NEW TIRES		0.00	0.00	0	0	0	0	167.83	13.00	189.65	230.00	03/21/2014	230.00	03/21/2014	12/05/2014	2	01/17/2015	457125	12385	3020.00	01/01/0001	597.90	14.00						
SOLID23	600-9	ECO-SOLID 600-9 LUG 4inch		MITCO			NEW TIRES		0.00	0.00	27	-6	0	0	103.62	13.00	117.09	130.00	03/16/2011	120.00	03/16/2011	01/23/2015	29	01/27/2015	457156	11939	172277.00	05/13/2007	41478.89	1522.00						
SOLID239	1000-20	MITCO 1000-20 7.5inchLUG GS SOLID					NEW TIRES		0.00	0.00	12	0	0	0	510.00	13.00	576.30	750.00	05/02/2014	650.00	05/02/2014	09/29/2014	12	02/26/2015	0	0	0.00	01/01/0001	0.00	0.00						
SOLID24	650-10	L-GUARD 650-10 LUG 5inch		CHINESE		24330101	NEW TIRES		0.00	0.00	28	0	0	0	103.00	13.00	116.39	165.00	03/16/2011	156.00	03/16/2011	01/23/2015	48	01/17/2015	458893	11778	180284.00	05/13/2007	38597.01	1247.00						
SOLID241	21X7X15	SUPER SOLID 21x7x15 SMOOTH		MITCO		06605001	NEW TIRES		0.00	0.00	10	0	8	0	126.06	13.00	142.44	177.00		167.00		02/17/2015	10	02/16/2015	455290	12244	10975.00	01/01/0001	2781.10	65.00						
SOLID242	16X5X10-1/2	SUPER SOLID 16x5x10-1/2 SMOOTH		MITCO		063995001	NEW TIRES		0.00	0.00	7	0	8	0	80.59	13.00	91.06	108.00	01/24/2011	98.00	03/16/2011	01/26/2015	7	02/27/2015	454096	12571	11074.00	01/01/0001	1926.92	114.00						
SOLID247	700-12	L-GUARD 700x12 5inch L-301		LGUARD			NEW TIRES		0.00	0.00	89	0	0	0	131.81	13.00	148.94	215.00	10/14/2010	200.00	10/14/2010	01/23/2015	93	02/12/2015	458910	12287	4650.00	01/01/0001	914.66	24.00						
SOLID249	15X4X11-1/4	WIDETRACK 15X4X11-1/4 SM		MITCO			NEW TIRES		0.00	0.00	4	0	0	0	37.19	13.00	42.02	75.00	03/16/2011	65.00	03/16/2011	09/29/2014	4	01/17/2015	451236	9825	520.00	01/01/0001	222.48	8.00						
SOLID25	700-12	ECO-SOLID 700x12 LUG		CHINESE			NEW TIRES		0.00	0.00	2	-6	0	0	152.36	13.00	172.17	215.00	03/16/2011	200.00	03/16/2011	01/23/2015	4	02/12/2015	458554	11778	318626.00	05/13/2007	71369.51	1700.00						
SOLID258	700-12	SOLID 700-12 GS 5inch NM		MITCO		24400102	NEW TIRES		0.00	0.00	2	0	0	0	236.57	13.00	267.32	290.00	10/08/2007	270.00	10/08/2007	01/23/2015	2	02/12/2015	457322	12532	11520.00	01/01/0001	3136.90	42.00						
SOLID260	600-9	MITCO 600-9 4inch LUG NM		MITCO			NEW TIRES		0.00	0.00	0	0	0	0	123.44	13.00	139.48	160.00	06/26/2014	140.00	06/26/2014	01/23/2015	0	01/27/2015	457323	12571	11380.00	01/01/0001	2690.34	74.00						
SOLID264	700-15	SOLID 700-15 5.5inch GS NM		MITCO		26410102	NEW TIRES		0.00	0.00	0	0	0	0	299.93	13.00	338.92	360.00	06/13/2012	340.00	06/13/2012	08/26/2014	0	02/12/2015	448808	11955	680.00	01/01/0001	80.14	2.00						
SOLID27	825-15	MITCO GS-SOLID 825-15 LUG		MITCO		24610101	NEW TIRES		0.00	0.00	13	0	10	0	348.43	13.00	393.73	425.00	03/16/2011	400.00	03/16/2011	08/25/2014	20	01/17/2015	456653	11939	221469.25	05/13/2007	52217.54	615.00						
SOLID28	250-15	SOLID 250x15-7.5inchLG		MITCO		24952101	NEW TIRES		0.00	0.00	4	0	0	0	284.21	13.00	321.15	350.00	05/13/2013	335.00	05/13/2013	12/10/2014	4	01/17/2015	449655	12402	18605.00	05/13/2007	3157.85	61.00						
SOLID281	28X12.5X15	SOLID 28X12.5X15  9.75GS		MITCO		24835101	NEW TIRES		0.00	0.00	6	0	0	0	371.81	13.00	420.14	460.00	11/21/2011	430.00	11/21/2011	09/29/2014	6	09/22/2014	442332	11655	18510.00	01/01/0001	2150.36	44.00						
SOLID29	16X5X10-1/2	WIDETRACK 16X5X10-1/2 SMOOTH		MITCO		04395001	NEW TIRES		0.00	0.00	18	0	0	0	57.50	13.00	64.97	80.00	09/30/2014	70.00	09/30/2014	02/26/2015	20	02/27/2015	458711	12687	75104.00	05/13/2007	13835.96	1125.00						
SOLID30	300-15	SOLID 300-15 8inchNM SOLID SOLVER		MITCO		26955102	NEW TIRES		0.00	0.00	0	0	0	0	532.09	13.00	601.26	650.00	04/01/2013	605.00	04/01/2013	07/23/2014	0	01/17/2015	442208	11520	1190.00	01/01/0001	125.82	2.00						
SOLID300	500-8	SOLID 500x8 LUG NON-MARKING		MAIN			NEW TIRES		0.00	0.00	8	0	0	0	50.91	13.00	57.52	105.00	06/26/2014	95.00	06/26/2014	10/21/2014	8	02/27/2015	0	11713	0.00	01/01/0001	0.00	0.00						
SOLID305	650-10	MITCO 650X10 GS 5inch SOLID LUG		MITCO		24330101	NEW TIRES		0.00	0.00	10	0	0	0	137.59	13.00	155.47	165.00	03/14/2014	156.00	03/14/2014	01/23/2015	0	01/19/2015	0	12550	0.00	01/01/0001	0.00	0.00						
SOLID31	21X7X15	WIDETRACK 21X7X15 SM NM		MITCO		04605002	NEW TIRES		0.00	0.00	16	0	8	0	143.45	13.00	162.09	175.00	03/16/2011	165.00	05/13/2013	02/17/2015	18	02/16/2015	458416	12610	49880.00	05/13/2007	6750.19	335.00						
SOLID32	16X6X10-1/2	WIDETRACK 16X6X10-1/2 SM NM		MITCO		06400002	NEW TIRES		0.00	0.00	6	2	0	0	85.57	13.00	96.69	109.00	02/01/2012	95.00	05/13/2013	01/12/2015	6	02/27/2015	457403	12516	29550.00	05/13/2007	4357.13	333.00						
SOLID321	32X12.1-15	SOLID 32X12.1-15 9.75inch GSOLID		MITCO			NEW TIRES		0.00	0.00	3	0	4	0	523.15	13.00	591.15	630.00		595.00		05/19/2014	8	11/09/2014	458438	11548	10175.00	01/01/0001	1281.45	17.00						
SOLID33	16X5X10-1/2	WIDETRACK 16X5X10-1/2 SM NM		MITCO		04395002	NEW TIRES		0.00	0.00	10	0	12	0	69.00	13.00	77.97	90.00	03/16/2011	85.00	05/13/2013	02/16/2015	10	02/27/2015	458416	12647	55242.00	05/13/2007	9858.35	688.00						
SOLID341	825-15	ECO-SOLID 825-15 LUG 6.5inch					NEW TIRES		0.00	0.00	8	0	0	0	350.00	13.00	395.50	425.00	10/14/2010	400.00	10/14/2010	01/19/2015	12	01/19/2015	458133	0	1600.00	01/01/0001	200.00	4.00						
SOLID349	21X7X15	MONARCH 21x7x15 SM					NEW TIRES		0.00	0.00	0	0	0	0	135.00	13.00	152.55	162.00	10/29/2014	152.00	10/29/2014	02/17/2015	-4	02/16/2015	457862	0	770.00	01/01/0001	-40.00	6.00						
SOLID35	18X6X12-1/8	WIDETRACK 18X6X12-1/8 SM		MITCO		4485001	NEW TIRES		0.00	0.00	2	0	0	0	94.00	13.00	106.22	110.00	03/16/2011	101.00	03/16/2011	10/24/2014	2	01/17/2015	458200	12218	24202.00	05/13/2007	5000.09	270.00						
SOLID36	22X9X16	WIDETRACK 22X9X16 LUG		MITCO		04650101	NEW TIRES		0.00	0.00	6	0	0	0	182.25	13.00	205.94	220.00	03/21/2011	200.00	03/21/2011	02/03/2014	4	01/17/2015	456489	11158	15540.00	05/13/2007	2075.17	87.00						
SOLID37	18X7X12-1/8	SOLID 18x7x12-1/8 WT SM NM		MITCO		04490002	NEW TIRES		0.00	0.00	12	0	0	0	113.38	13.00	128.11	145.00	03/25/2014	135.00	03/25/2014	02/26/2015	8	01/17/2015	458710	12687	12881.00	05/13/2007	557.15	117.00						
SOLID38	14X5X10	WIDETRACK 14X5X10 SM NM		MITCO			NEW TIRES		0.00	0.00	4	0	0	0	53.04	13.00	59.94	77.00	03/16/2011	67.00	03/16/2011	07/25/2014	6	01/17/2015	456807	11811	4728.00	05/13/2007	1184.32	70.00						
SOLID39	900-20	SOLID MITCO 900x20 6.5 GS LUG		MITCO		24711101	NEW TIRES		0.00	0.00	0	0	0	0	623.76	13.00	704.84	800.00	12/03/2013	750.00	12/03/2013	12/05/2014	0	01/17/2015	454569	12385	25985.00	05/13/2007	7724.26	46.00						
SOLID40	750-16	SOLID 750-16 5.5inch GS LUG		MITCO			NEW TIRES		0.00	0.00	0	0	0	0	288.05	13.00	325.50	430.00	03/16/2011	405.00	03/16/2011	12/01/2010	0	01/17/2015	437262	5612	13060.00	05/13/2007	4235.24	42.00						
SOLID41	700-15	SOLID 700-15 5.5inchGS LUG		MITCO		24410101	NEW TIRES		0.00	0.00	4	0	0	0	226.69	13.00	256.15	275.00	03/16/2011	255.00	03/16/2011	11/13/2014	4	02/12/2015	454979	12308	31538.00	05/13/2007	5186.58	134.00						
SOLID411	15X4X11-1/4	SUPER SOLID 15X4X11-1/4 SM NM		MITCO		06315002	NEW TIRES		0.00	0.00	6	0	0	0	77.07	13.00	87.08	100.00	09/28/2012	92.00	09/28/2012	09/29/2014	6	01/17/2015	449643	12091	4412.00	01/01/0001	712.64	48.00						
SOLID412	13X4-1/2X8	SOLID 13X4-1/2X8 LUG		MITCO			NEW TIRES		0.00	0.00	2	0	0	0	61.88	13.00	69.92	80.00	04/22/2014	70.00	04/22/2014	08/18/2014	2	01/23/2015	0	11872	0.00	01/01/0001	0.00	0.00						
SOLID419	700-12	ECO-SOLID 700X12 LUG NM GRAY		MAIN		935080-70	NEW TIRES		0.00	0.00	24	0	0	0	137.12	13.00	154.94	290.00	06/13/2012	270.00	06/13/2012	02/16/2015	8	02/12/2015	0	12645	0.00	01/01/0001	0.00	0.00						
SOLID42	21X8X15	WIDETRACK 21X8X15 LUG		CHINESE			NEW TIRES		0.00	0.00	2	-2	-116	0	103.11	13.00	116.51	185.00	03/13/2012	162.00	03/13/2012	07/16/2014	2	01/17/2015	447580	11778	35091.00	05/13/2007	6331.64	245.00						
SOLID43	300-15	SOLID 300-15 8inch LUG		MAIN		24955101	NEW TIRES		0.00	0.00	12	0	4	0	362.47	13.00	409.59	520.00	03/16/2011	498.00	05/13/2013	07/23/2014	13	01/17/2015	458873	11713	59434.00	05/13/2007	10371.66	127.00						
SOLID45	18X7-8	SOLID 18x7-8 4.33inch LUG		CHINESE			NEW TIRES		0.00	0.00	17	0	1	0	74.89	13.00	84.62	110.00	03/16/2011	100.00	03/16/2011	07/16/2014	17	01/17/2015	455278	11778	16566.00	05/13/2007	4454.98	175.00						
SOLID451	9X5X5	POLY 9x5x5 (TI-033)					NEW TIRES		0.00	0.00	2	0	0	0	54.57	13.00	61.66	95.00		85.00		09/04/2013	2	02/04/2015	427702	0	170.00	01/01/0001	60.86	2.00						
SOLID455	815-15	MITCO GS-SOLID 815X15 LUG					NEW TIRES		0.00	0.00	0	0	0	0	255.00	13.00	288.15	315.00	03/14/2014	300.00	03/14/2014	09/22/2014	0	01/17/2015	455788	0	600.00	01/01/0001	90.00	2.00						
SOLID458	16X6X10-1/2	WIDETRACK 16x6x10-1/2 SM		MITCO		04400001	NEW TIRES		0.00	0.00	6	0	0	0	71.31	13.00	80.58	95.00	02/04/2014	85.00	02/04/2014	01/26/2015	6	02/27/2015	458645	12571	3590.00	01/01/0001	880.22	38.00						
SOLID46	14X4-1/2X8	WIDETRACK 14X4-1/2X8 SM		MITCO			NEW TIRES		0.00	0.00	8	0	0	0	46.51	13.00	52.56	69.00	03/16/2011	59.00	03/16/2011	12/15/2014	14	01/17/2015	458709	12422	26211.00	05/13/2007	7065.21	463.00						
SOLID47	21X8-9	SOLID 21x8-9 LUG 6.0inch		MITCO			NEW TIRES		0.00	0.00	4	0	0	0	129.73	13.00	146.59	165.00	03/16/2011	155.00	03/16/2011	03/03/2014	4	01/17/2015	445994	11269	8072.00	05/13/2007	1853.68	60.00						
SOLID478	16X6X10-1/2	MAINE 16x6x10-1/2 GREY SM		MAIN			NEW TIRES		0.00	0.00	8	0	0	0	120.10	13.00	135.71	175.00	10/14/2010	155.00	10/14/2010	12/15/2014	8	02/27/2015	438886	11079	3410.00	01/01/0001	767.80	22.00						
SOLID48	27X10-12	SOLID 27x10-12 8inch LUG					NEW TIRES		0.00	0.00	4	0	0	0	203.52	13.00	229.98	330.00	03/16/2011	315.00	03/16/2011		4	11/09/2014	452660	0	5260.00	05/13/2007	1393.12	19.00						
SOLID487	18X7X12-1/8	WIDETRACK 18x7x12-1/8 LUG					NEW TIRES		0.00	0.00	5	0	0	0	104.00	13.00	117.52	125.00	12/05/2013	115.00	11/27/2013	09/22/2014	5	01/17/2015	0	0	0.00	01/01/0001	0.00	0.00						
SOLID50	16X6X10-1/2	L-GUARD 16x6x10-1/2 SMOOTH		MITCO			NEW TIRES		0.00	0.00	4	0	0	0	52.78	13.00	59.64	95.00	11/16/2012	85.00	11/16/2012	12/15/2014	4	02/27/2015	458800	12308	37513.00	05/13/2007	8074.70	467.00						
SOLID52	1000-20	SOLID EMERALD 1000x20 7.5inch		EMERALD			NEW TIRES		0.00	0.00	37	0	0	0	473.00	13.00	534.49	700.00	10/06/2014	600.00	10/06/2014	09/29/2014	37	02/26/2015	456784	11936	369374.00	05/13/2007	74191.32	556.00						
SOLID521	21X7X15	WIDETRACK 21x7x15 LUG					NEW TIRES		0.00	0.00	0	0	0	0	135.00	13.00	152.55	152.00		145.00		02/17/2015	0	02/16/2015	458645	0	580.00	01/01/0001	40.00	4.00						
SOLID53	1200-20	SOLID 1200-20 GS 8inch LUG		MITCO		24810101	NEW TIRES		0.00	0.00	6	0	0	0	825.00	13.00	932.25	980.00	03/16/2011	935.00	03/16/2011	02/17/2015	6	02/26/2015	458705	12647	66769.28	05/13/2007	11216.66	72.00						
SOLID54	22X8X16	WIDETRACK 22X8X16 SM		MITCO			NEW TIRES		0.00	0.00	6	0	0	0	160.40	13.00	181.25	220.00	12/17/2013	205.00	12/17/2013	08/18/2014	8	01/17/2015	457324	11872	12533.00	05/13/2007	2748.69	73.00						
SOLID55	22X12X16	WIDETRACK 22X12X16 SM		MITCO			NEW TIRES		0.00	0.00	18	0	0	0	254.00	13.00	287.02	315.00	05/08/2012	275.00	05/13/2013	03/20/2014	18	01/17/2015	446448	11347	8815.00	05/13/2007	1783.72	37.00						
SOLID57	22X8X16	WIDETRACK 22X8X16 LUG		MITCO			NEW TIRES		0.00	0.00	2	0	0	0	145.44	13.00	164.35	220.00	02/14/2013	175.00	05/13/2013	02/03/2014	2	01/17/2015	446941	9825	5830.00	01/01/0001	1356.66	40.00						
SOLID58	20X8X16	WIDETRACK 20X8X16 SM		MICHEL			NEW TIRES		0.00	0.00	2	0	0	0	179.40	13.00	202.72	145.00	03/21/2011	132.00	03/21/2011	12/17/2013	2	01/19/2015	453980	11013	1990.00	01/01/0001	127.08	18.00						
SOLID59	18X9X12-1/8	SOLID 18x9x12-1/8 WT SM		CHINESE			NEW TIRES		0.00	0.00	9	0	0	0	65.00	13.00	73.45	147.00	03/16/2011	137.00	03/16/2011	06/27/2013	9	01/17/2015	444025	89	1111.00	01/01/0001	526.00	9.00						
SOLID60	18X8X12-1/8	SOLID 18X8X12-1/8 WT SM		MITCO			NEW TIRES		0.00	0.00	2	0	0	0	112.36	13.00	126.96	145.00	03/16/2011	135.00	03/16/2011	04/03/2014	2	01/17/2015	447641	11401	4982.00	01/01/0001	1095.16	40.00						
SOLID600	600-9	SOLID 600-9 TWA WHITE CHAMFER		MITCO		76300158	NEW TIRES		0.00	0.00	0	0	0	0	125.60	13.00	141.92	165.00	08/31/2012	145.00	08/31/2012	01/23/2015	0	01/27/2015	455332	10067	15082.00	01/01/0001	3024.40	96.00						
SOLID61	18X7X12-1/8	SOLID 18x7x12-1/8 WT SM		CHINESE		4490001	NEW TIRES		0.00	0.00	22	-2	0	0	75.45	13.00	85.25	125.00	03/16/2011	115.00	03/16/2011	07/16/2014	24	01/17/2015	457985	11778	14902.00	01/01/0001	3277.86	136.00						
SOLID62	18X5X12-1/8	WIDETRACK 18X5X12-1/8 SM		MITCO		04480001	NEW TIRES		0.00	0.00	2	0	0	0	70.05	13.00	79.16	95.00	03/16/2011	85.00	03/16/2011	11/13/2014	2	01/17/2015	455020	12308	7056.00	01/01/0001	1791.94	100.00						
SOLID624	12X5-1/2X8	SOLID 12X5-1/2X8 WT SM NM		MITCO			NEW TIRES		0.00	0.00	3	0	0	0	51.59	13.00	58.29	120.00	12/09/2011	100.00	12/09/2011	03/03/2014	4	01/17/2015	457158	10523	520.00	01/01/0001	211.43	5.00						
SOLID63	16-1/4X6X11-1/4	WIDETRACK 16-1/4X6X11-1/4 SM		MITCO		04420001	NEW TIRES		0.00	0.00	6	0	0	0	68.16	13.00	77.02	92.00	03/16/2011	82.00	03/16/2011	12/15/2014	8	01/19/2015	458235	12308	10504.50	01/01/0001	1942.40	143.00						
SOLID64	16-1/4X5X11-1/4	WIDETRACK 16-1/4X5X11-1/4 SM		MITCO		4415001	NEW TIRES		0.00	0.00	12	0	0	0	57.50	13.00	64.97	82.00	01/24/2011	70.00	03/21/2011	12/15/2014	12	01/19/2015	456798	12308	15053.00	01/01/0001	3361.48	236.00						
SOLID65	15X5X11-1/4	WIDETRACK 15X5X11-1/4 SM		CHINESE			NEW TIRES		0.00	0.00	3	-2	0	0	35.11	13.00	39.67	70.00	03/16/2011	60.00	03/16/2011	05/08/2014	5	02/24/2015	458200	10633	16148.00	01/01/0001	4194.69	288.00						
SOLID66	14X5X10	WIDETRACK 14X5X10 SM		MITCO		04295001	NEW TIRES		0.00	0.00	6	0	0	0	44.20	13.00	49.95	67.00	03/16/2011	57.00	03/16/2011	11/13/2014	6	01/17/2015	454013	12308	11872.00	01/01/0001	3139.04	222.00						
SOLID67	13-1/2X5	SOLID 13-1/2x5-1/2x8 WT SM		MITCO			NEW TIRES		0.00	0.00	1	0	0	0	51.55	13.00	58.25	75.00	03/16/2011	65.00	03/16/2011	03/03/2014	1	02/02/2015	457361	9557	3094.00	01/01/0001	782.31	55.00						
SOLID69	10X5X6-1/2	SOLID 10x5x6-1/2 WT SM		MITCO		04130001	NEW TIRES		0.00	0.00	5	0	0	0	26.73	13.00	30.20	48.00	03/16/2011	38.00	03/16/2011	11/13/2014	2	11/09/2014	453416	12308	4763.00	01/01/0001	1646.80	135.00						
SOLID70	9X5X5	SOLID 9x5x5 WT SMOOTH		MITCO		04060001	NEW TIRES		0.00	0.00	1	0	0	0	25.60	13.00	28.93	46.00	03/16/2011	36.00	03/16/2011	09/29/2014	1	02/04/2015	450607	12091	1895.00	01/01/0001	483.30	64.00						
SOLID71	400-8	MITCO 400-8 TWA LARGE CENTER		MITCO			NEW TIRES		0.00	0.00	0	0	0	0	56.00	13.00	63.28	69.75	01/26/2015	69.75	01/26/2015	01/26/2015	0	01/28/2015	455189	12571	98393.25	01/01/0001	18649.25	1728.00						
SOLID712	18X7X12-1/8	MAINE 18X7X121/8 GREY SM		MAIN		923093	NEW TIRES		0.00	0.00	4	0	0	0	138.80	13.00	156.84	190.00	10/14/2010	170.00	10/14/2010	12/06/2013	4	01/17/2015	0	10792	0.00	01/01/0001	0.00	0.00						
SOLID715	21X7X15	SUPER SOLID 21X7X15 SM NM		MITCO		06605002	NEW TIRES		0.00	0.00	6	0	0	0	170.18	13.00	192.30	210.00		200.00		02/17/2015	6	02/16/2015	0	12091	0.00	01/01/0001	0.00	0.00						
SOLID750	750-15	SOLID 750-15 GS 5.5inch		MITCO		24510101	NEW TIRES		0.00	0.00	6	0	0	0	284.23	13.00	321.17	350.00	10/10/2011	330.00	10/10/2011	07/15/2014	6	01/17/2015	445710	11775	1320.00	01/01/0001	183.08	4.00						
SOLID77	23X9-10	SOLID TIRE 23x9-10 LUG 6.5 GS		MITCO		24930101	NEW TIRES		0.00	0.00	2	0	0	0	183.20	13.00	207.01	230.00	03/21/2011	210.00	03/21/2011	06/18/2014	2	11/09/2014	452882	11679	10660.00	01/01/0001	2453.86	62.00						
SOLID777	500-8	MITCO GS-SOLID 500x8 LUG					NEW TIRES		0.00	0.00	10	0	0	0	70.00	13.00	79.10	91.00	10/14/2010	81.00	05/02/2014	10/21/2014	10	02/27/2015	0	0	0.00	01/01/0001	0.00	0.00						
SOLID78	21X7X15	WIDETRACK 21X7X15 LUG NM		MITCO			NEW TIRES		0.00	0.00	0	0	4	0	138.30	13.00	156.27	175.00	03/21/2011	165.00	05/13/2013	02/17/2015	-2	02/16/2015	458292	12422	99118.00	01/01/0001	16321.13	655.00						
SOLID784	650-10	SOLID 650x10 LUG NON-MARKING		MAIN			NEW TIRES		0.00	0.00	8	0	0	0	104.38	13.00	117.94	140.00	10/14/2010	130.00	06/26/2014	01/23/2015	8	01/17/2015	0	11713	0.00	01/01/0001	0.00	0.00						
SOLID798	700-12	MITCO 700-12 5inch GS SOLID LUG		MITCO		24400101	NEW TIRES		0.00	0.00	8	0	0	0	176.51	13.00	199.45	215.00	10/14/2010	200.00	10/14/2010	01/23/2015	10	02/12/2015	455791	12550	3260.00	01/01/0001	252.00	16.00						
SOLID812	18X8X12-1/8	SUPER SOLID 18X8X12-1/8 SM NM		MITCO		6495002	NEW TIRES		0.00	0.00	4	0	0	0	156.82	13.00	177.20	190.00	03/16/2011	180.00	03/16/2011	09/03/2013	4	01/17/2015	442337	10552	690.00	01/01/0001	62.72	4.00						
SOLID815	21X8X15	MAINE 21X8X15 GREY SM NM		MAIN		20003931	NEW TIRES		0.00	0.00	4	0	0	0	203.91	13.00	230.41	260.00	10/14/2010	250.00	03/05/2014	05/29/2014	4	01/17/2015	438886	11590	500.00	01/01/0001	92.18	2.00						
SOLID825X20	825X20	SOLID 825x20  LUG					NEW TIRES		0.00	0.00	2	0	0	0	100.00	13.00	113.00	150.00	10/14/2010	150.00	10/14/2010	07/23/2014	2	01/17/2015	0	0	0.00	01/01/0001	0.00	0.00						
SOLID84	18X7X12-1/8	SOLID 18x7x12-1/8 WT LUG NM		EMERALD			NEW TIRES		0.00	0.00	11	0	6	0	129.66	13.00	146.51	145.00	03/21/2011	135.00	05/13/2013	02/06/2014	19	01/17/2015	458417	11176	20592.00	01/01/0001	3576.64	159.00						
SOLID86	16-1/4X5X11-1/4	WIDETRACK 16-1/4X5X11-1/4SM NM		MITCO		4415002	NEW TIRES		0.00	0.00	16	0	0	0	67.73	13.00	76.53	85.00	03/16/2011	80.00	05/13/2013	12/15/2014	16	01/19/2015	440366	11520	6744.00	01/01/0001	1351.57	101.00						
SOLID87	16-1/4X6X11-1/4	WIDETRACK 16-1/4X6X11-1/4SM NM		MITCO			NEW TIRES		0.00	0.00	9	0	0	0	81.79	13.00	92.42	105.00	02/01/2012	95.00	02/01/2012	12/15/2014	9	01/19/2015	449160	11679	7937.00	01/01/0001	1143.43	88.00						
SOLID89	12X5-1/2X8	SOLID 12x5-1/2x8 WT SM		MITCO			NEW TIRES		0.00	0.00	0	0	0	0	42.99	13.00	48.57	62.00	03/21/2011	52.00	03/21/2011	03/03/2014	0	01/17/2015	438989	11046	2098.00	01/01/0001	483.19	41.00						
SOLID90	18X6X12-1/8	WIDETRACK 18X6X12-1/8 SM NM		MITCO		04485002	NEW TIRES		0.00	0.00	2	0	0	0	102.00	13.00	115.26	125.00	03/16/2011	120.00	05/13/2013	11/13/2014	4	01/17/2015	456807	12308	8428.00	01/01/0001	1091.75	77.00						
SOLID93	14X4-1/2X8	WIDETRACK 14X4-1/2X8 SM NM		MITCO			NEW TIRES		0.00	0.00	7	0	0	0	55.81	13.00	63.06	75.00	03/18/2011	65.00	03/18/2011	02/05/2015	6	01/17/2015	457574	12610	11385.36	01/01/0001	2040.75	185.00						
SOLID95	15X4-1/2-8	SOLID 15x4-1/2-8 3inchGS LUG		MITCO			NEW TIRES		0.00	0.00	4	0	0	0	79.63	13.00	89.98	89.00	02/03/2011	75.00	02/03/2011	09/29/2014	6	01/17/2015	457384	10942	2750.00	01/01/0001	723.36	36.00						
SOLID98	15X5X11-1/4	WIDETRACK 15X5X11-1/4 SM NM		MITCO		4320002	NEW TIRES		0.00	0.00	17	0	6	0	46.34	13.00	52.36	79.00	01/18/2012	69.00	01/18/2012	02/26/2015	13	02/24/2015	458710	12687	11392.00	01/01/0001	2921.29	168.00						
SOLID991	10-16.5	SOLID 10-16.5 LUG		MITCO		30X10-20 7.5inch	NEW TIRES		0.00	0.00	0	0	0	0	340.00	13.00	384.20	450.00	09/18/2014	400.00	09/18/2014	02/13/2015	0	02/13/2015	439219	11203	1800.00	01/01/0001	440.00	4.00						
SOLIDEAL10	1000-20	SOLIDEAL 1000-20 EXCAVATO 16P					NEW TIRES		0.00	0.00	3	0	0	0	429.00	13.00	484.77	515.00	12/04/2012	485.00	12/04/2012	09/29/2014	3	02/26/2015	444147	0	600.00	01/01/0001	-258.00	2.00						
SOLIDEAL141	650-10	SOLIDEAL 650-10 RIB I-3 10PR		TDI		108110141	NEW TIRES		0.00	0.00	5	0	0	0	78.17	13.00	88.33	100.00	10/14/2010	90.00	10/14/2010	01/23/2015	5	01/17/2015	427808	10578	200.00	01/01/0001	43.66	2.00						
SOLIDEAL1801	800-16.5	SOLIDEAL 800-16.5 RIB I-3 8PR		TDI		10811801	NEW TIRES		0.00	0.00	5	0	0	0	143.16	13.00	161.77	175.00		165.00		01/14/2014	5	02/04/2015	444213	11090	7455.00	01/01/0001	1012.80	45.00						
SOLIDEAL2041	SOLDOUT	SOLIDEAL 690-9 RIB I-3 10PR		SOLIDEAL		108112041	NEW TIRES		0.00	0.00	0	0	0	0	74.89	13.00	84.63	90.00	07/17/2014	85.00	07/17/2014	08/18/2014	0	01/19/2015	455354	11901	5730.00	01/01/0001	790.91	71.00						
SOLIDEAL228	22X8X16	WIDETRACK 22X8X16 SM NM		MITCO		04645002	NEW TIRES		0.00	0.00	0	0	0	0	176.64	13.00	199.60	265.00	10/14/2010	205.00	05/13/2013	02/03/2014	0	01/17/2015	416394	9892	530.00	01/01/0001	176.72	2.00						
SOLIDEAL2812	28X12X22	WIDETRACK 28X12X22 SM NM		MITCO		04805002	NEW TIRES		0.00	0.00	0	0	0	0	372.37	13.00	420.77	450.00	03/12/2013	425.00	03/12/2013	01/23/2015	0	09/22/2014	416394	9892	900.00	01/01/0001	155.26	2.00						
SOLIDEAL700	700-12	SOLIDEAL 700-12 LUG					NEW TIRES		0.00	0.00	4	0	0	0	0.00	13.00	0.00	119.00	02/06/2015	104.00	02/06/2015	02/06/2015	4	02/12/2015	0	0	0.00	01/01/0001	0.00	0.00						
SOLIDFLAT	600-9	SOLID 600-9 4.25 BLK FLAT		MITCO		76300157	NEW TIRES		0.00	0.00	24	0	0	0	125.00	13.00	141.25	165.00	08/31/2012	145.00	08/31/2012	01/23/2015	30	01/27/2015	458282	12517	22182.00	01/01/0001	4868.40	138.00						
SOLIDRED	16X5X10-1/2	SOLID RED 16x5x10-1/2					NEW TIRES		0.00	0.00	2	0	0	0	50.00	13.00	56.50	60.00	01/24/2011	60.00	03/16/2011	01/12/2015	2	02/27/2015	0	0	0.00	01/01/0001	0.00	0.00						
SOLIDRED01	15X8X11-1/4	SOLID RED 15x8x11-1/4					NEW TIRES		0.00	0.00	2	0	0	0	40.00	13.00	45.20	50.00	10/14/2010	50.00	10/14/2010	05/08/2014	2	01/17/2015	0	0	0.00	01/01/0001	0.00	0.00						
SOLIDTRAC750	750-16	POWERKING 750-16 TL 10PR		TREADWAYS		LDT49	NEW TIRES		0.00	0.00	2	0	0	0	77.14	13.00	87.17	105.00	01/23/2015	95.00	01/23/2015	01/23/2015	11	01/17/2015	458223	12592	6006.00	01/01/0001	1099.57	65.00						
SOLIDTRACC875	875-16.5	SOLIDTRAC 875-16.5 RIB 10PR		EMERALD			NEW TIRES		0.00	0.00	23	0	0	0	102.72	13.00	116.07	135.00	07/29/2011	125.00	07/29/2011	09/18/2014	25	01/17/2015	457344	12054	800.00	01/01/0001	183.68	6.00						
SPACER01	SPACER	SPACER 20-4.25							0.00	0.00	0	0	0	0	1.00	13.00	1.13	16.00		16.00			0		315441	0	164.00	05/13/2007	156.00	8.00						
SPACER02	SPACER	SPACER 20-4.5							0.00	0.00	0	0	0	0	1.00	13.00	1.13	16.00		16.00			0		449898	0	355.00	05/13/2007	337.00	18.00						
SPACER03	SPACER	SPACER 22-3.5							0.00	0.00	0	0	0	0	1.00	13.00	1.13	13.00		12.00			0		363521	0	192.00	05/13/2007	188.00	4.00						
SPACER04	SPACER	SPACER 22-4							0.00	0.00	0	0	0	0	1.00	13.00	1.13	15.00		15.00			0		377423	0	166.00	05/13/2007	157.00	9.00						
SPACER05	SPACER	SPACER 22-4.5							0.00	0.00	4	0	0	0	1.00	13.00	1.13	13.00		12.00			8		344109	0	100.00	05/13/2007	96.00	4.00						
SPOT	SPOT REPAIR	SPOT REPAIR					MOUNTS		0.00	0.00	0	0	0	0	1.00	13.00	1.13	1.00		1.00		06/01/2010	0	06/01/2010	0	0	0.00	01/01/0001	0.00	0.00						
SPUD	VALVE	OTR SPUD					RHINS		0.00	0.00	0	0	0	0	4.00	13.00	4.52	8.00	09/05/2008	8.00	09/05/2008	08/13/2013	0	08/13/2013	457911	0	938.65	01/01/0001	630.65	77.00						
STRIP	MISC	STRIP & SANDBLAST WHEEL					NEW TIRES		0.00	0.00	0	0	0	0	100.00	13.00	113.00	100.00		100.00		07/30/2009	0	07/30/2009	357450	0	300.00	01/01/0001	-100.00	4.00						
SUMIT01	12R22.5	SUMIT 12R22.5 ST727 16P		TREADWAYS		5530555	NEW TIRES		0.00	0.00	2	0	0	0	347.80	13.00	393.01	440.00	02/26/2013	410.00	02/26/2013	09/10/2014	7	01/17/2015	458801	12008	132110.53	05/13/2007	15631.00	349.00						
SUMIT02	11R17.5	SUMIT 11R17.5 717 14P		TREADWAYS			NEW TIRES		0.00	0.00	24	0	0	0	259.86	13.00	293.64	350.00	10/01/2012	330.00	10/01/2012	12/30/2014	24	01/17/2015	457295	12474	65031.00	05/13/2007	11084.00	204.00						
SUMIT04	10R17.5	SUMIT 10R17.5 727 16P		TREADWAYS			NEW TIRES		0.00	0.00	10	0	0	0	216.36	13.00	244.48	280.00	10/01/2013	260.00	10/01/2013	11/18/2014	20	01/17/2015	458749	12328	126306.00	05/13/2007	24252.07	545.00						
SUMIT05	445/65R22.5	SUMIT 44565R225 ST720 20P		TREADWAYS			NEW TIRES		0.00	0.00	6	0	0	0	492.23	13.00	556.21	675.00	08/13/2014	625.00	08/13/2014	11/18/2014	12	02/16/2015	458375	12328	244693.48	05/13/2007	34189.20	412.00						
SUMIT06	425/65R22.5	SUMIT 42565R225 ST720 20P		TREADWAYS			NEW TIRES		0.00	0.00	80	-2	0	0	492.33	13.00	556.33	590.00	08/13/2014	550.00	08/13/2014	12/11/2014	102	01/17/2015	458927	12410	1062221.36	05/13/2007	163541.53	1952.00						
SUMIT08	315/80R22.5	SUMIT 31580R225 ST718 18P		TREADWAYS		5530062	NEW TIRES		0.00	0.00	1	-2	0	0	483.18	13.00	545.99	585.00	07/15/2013	545.00	02/26/2013	01/08/2015	1	01/23/2015	455376	12196	428269.40	05/13/2007	65960.63	923.00						
SUMIT09	385/65R22.5	SUMITOMO 385/65R22.5 ST720 18P		TREADWAYS		5531490	NEW TIRES		0.00	0.00	83	0	0	0	382.90	13.00	432.67	495.00	05/28/2014	450.00	05/28/2014	12/11/2014	87	02/11/2015	458892	12410	670324.00	05/13/2007	100727.44	1573.00						
SUMIT10	SOLDOUT	SUMITOMO 255/70R22.5 ST727 16P		TREADWAYS			NEW TIRES		0.00	0.00	0	0	0	0	251.85	13.00	284.59	305.00	01/23/2014	285.00	02/25/2013	03/06/2014	0	01/17/2015	441116	11036	216755.00	05/17/2007	37064.34	903.00						
SUMIT11	11R22.5	SUMITOMO 11R22.5 ST710  14PLY		TREADWAYS		5532651	NEW TIRES		0.00	0.00	1	-1	0	0	280.80	13.00	317.30	340.00	11/18/2013	320.00	02/26/2013	02/11/2015	1	02/09/2015	454494	10548	254957.00	05/22/2007	40686.96	990.00	TRAILER					
SUMIT12	1200R20	SUMIT 1200R20 ST727 18P		TREADWAYS			NEW TIRES		0.00	0.00	2	0	0	0	495.26	13.00	559.64	650.00	02/27/2012	615.00	02/27/2012	02/17/2015	2	02/26/2015	447000	12068	25625.00	05/13/2007	3352.07	53.00						
SUMIT13	SOLDOUT	SUMITOMO 11R22.5 ST727  14PR		TREADWAYS		5530551	NEW TIRES		0.00	0.00	0	-2	0	0	295.15	13.00	333.52	345.00	01/30/2014	325.00	01/30/2014	11/07/2014	0	01/17/2015	445081	9838	219177.70	07/03/2007	30265.69	864.00						
SUMIT14	11R22.5	SUMITOMO 11R22.5 ST778 16PR		TREADWAYS		5530351	NEW TIRES		0.00	0.00	0	-2	0	0	291.50	13.00	329.39	350.00	01/30/2014	330.00	01/30/2014	02/11/2015	0	02/09/2015	457642	12592	452575.12	01/01/0001	67410.04	1447.00						
SUMIT18	295/75R22.5	SUMITOMO 295/75R22.5 ST778 LRG		TREADWAYS		5530375	NEW TIRES		0.00	0.00	10	-1	20	0	284.89	13.00	321.92	370.00	07/15/2013	340.00	02/26/2013	12/11/2014	10	02/24/2015	457674	12410	388860.00	01/01/0001	66277.70	1271.00						
SUMIT19.5	8R19.5	SUMIT 8R19.5 ST718 12PLY		ACME		5530045	NEW TIRES		0.00	0.00	0	0	0	0	210.00	13.00	237.30	245.00	02/27/2012	235.00	02/27/2012	02/19/2014	0	01/17/2015	436468	11223	3705.00	01/01/0001	875.67	18.00						
SUMIT195	225/70R19.5	SUMITOMO 225/70R19.5 ST718 14P		TREADWAYS		5530081	NEW TIRES		0.00	0.00	15	-2	0	0	189.39	13.00	214.01	240.00	01/30/2014	220.00	01/30/2014	12/30/2014	18	02/19/2015	458717	12474	57310.00	01/01/0001	7384.12	247.00						
SUMIT20	9R17.5	SUMIT 9R17.5 717 14P		TGI			NEW TIRES		0.00	0.00	0	0	0	0	240.48	13.00	271.74	265.00	02/27/2012	245.00	02/27/2012	03/28/2012	0	01/17/2015	454144	8221	16195.00	05/13/2007	2292.01	88.00						
SUMIT21	1000R15	SUMIT 1000R15 ST727 14P		TREADWAYS			NEW TIRES		0.00	0.00	7	0	0	0	293.94	13.00	332.15	370.00	04/23/2013	350.00	04/23/2013	09/29/2014	7	02/26/2015	449926	12008	100010.70	05/13/2007	10039.54	316.00						
SUMIT22570	225/70R15	GREMAX 225/70R15		TREADWAYS		GM007	NEW TIRES		0.00	0.00	30	0	0	0	56.04	13.00	63.32	80.00	03/11/2013	70.00	01/31/2008	12/11/2014	30	02/19/2015	458282	12411	13280.00	01/01/0001	3513.66	174.00						
SUMIT23	11R24.5	SUMITOMO 11R24.5 ST778 LRH		TREADWAYS		5530358	NEW TIRES		0.00	0.00	12	0	0	0	326.42	13.00	368.85	395.00	01/30/2014	375.00	01/30/2014	01/08/2015	16	01/21/2015	457610	12474	99526.00	06/21/2007	14199.29	287.00						
SUMIT245	245/75R22.5	SUMITOMO 245/75R22.5 ST718 14P		TREADWAYS			NEW TIRES		0.00	0.00	2	0	0	0	253.55	13.00	286.51	305.00	02/26/2013	290.00	02/26/2013	05/16/2014	2	01/29/2015	446992	11542	12339.00	01/01/0001	2633.41	44.00						
SUMIT25	9R22.5	SUMIT 9R22.5 ST727 14P		ACME			NEW TIRES		0.00	0.00	0	0	0	0	263.36	13.00	297.59	330.00	02/27/2012	310.00	02/27/2012	09/30/2014	0	01/17/2015	450549	12098	47085.00	05/13/2007	9009.82	187.00						
SUMIT26	11R22.5	SUMITOMO 11R22.5 ST938 16PR		TREADWAYS		5532752	NEW TIRES		0.00	0.00	29	0	0	0	308.43	13.00	348.52	370.00	01/30/2014	350.00	01/30/2014	02/11/2015	29	02/09/2015	456478	12410	566572.32	06/23/2007	87240.54	1741.00						
SUMIT27	11R24.5	SUMITOMO 11R24.5 ST938 16PR		TREADWAYS		5532459	NEW TIRES		0.00	0.00	2	0	0	0	335.40	13.00	379.00	425.00	07/15/2013	395.00	02/26/2013	01/08/2015	2	01/21/2015	456357	12328	161184.64	07/03/2007	23474.19	454.00						
SUMIT28	285/75R24.5	SUMITOMO 285/75R24.5 ST710 LRG		TREADWAYS		5532178	NEW TIRES		0.00	0.00	0	0	0	0	293.00	13.00	331.09	360.00	07/15/2013	330.00	02/26/2013	11/07/2014	0	01/17/2015	442889	11117	97091.00	07/05/2007	15586.75	340.00						
SUMIT29	12R22.5	SUMIT 12R22.5 ST518 16P		TREADWAYS		5531155	NEW TIRES		0.00	0.00	0	0	0	0	400.59	13.00	452.66	500.00	02/27/2012	475.00	02/27/2012	09/22/2014	0	01/17/2015	452529	12068	293747.00	05/13/2007	38473.78	709.00						
SUMIT31	1100R20	SUMIT 1100R20 ST727 16P		TREADWAYS			NEW TIRES		0.00	0.00	2	0	0	0	430.35	13.00	486.29	520.00	04/23/2013	490.00	04/23/2013	09/22/2014	3	01/17/2015	456959	12068	21550.00	05/13/2007	2309.42	51.00						
SUMIT38	245/70R19.5	SUMITOMO 245/70R19.5 ST718 14P		TREADWAYS			NEW TIRES		0.00	0.00	3	0	0	0	223.23	13.00	252.24	275.00	01/21/2014	255.00	01/21/2014	09/15/2014	3	01/17/2015	447408	11036	44702.00	01/01/0001	8346.70	208.00						
SUMIT48	10R22.5	SUMITOMO 10R22.5 ST727 14PR		TREADWAYS			NEW TIRES		0.00	0.00	1	0	0	0	279.09	13.00	315.37	340.00	02/10/2014	320.00	02/10/2014	09/29/2014	1	01/17/2015	447151	11290	70841.18	01/01/0001	11638.25	243.00						
SUMIT49	215/75R17.5	SUMIT 215/75R17.5 ST727 16PR		TREADWAYS			NEW TIRES		0.00	0.00	0	0	0	0	192.50	13.00	217.52	245.00	02/26/2013	230.00	02/26/2013	03/06/2014	0	01/17/2015	441667	11290	35551.00	01/01/0001	6686.17	184.00						
SUMIT50	SOLDOUT	SUMIT 235/75R17.5 ST727 18PR		TREADWAYS			NEW TIRES		0.00	0.00	0	0	0	0	225.91	13.00	255.28	320.00	02/05/2015	300.00	02/05/2015	01/08/2015	0	01/17/2015	444157	11290	48970.00	01/01/0001	8360.92	193.00						
SUMIT51	275/70R22.5	SUMIT 275/70R22.5 ST727 16PR		TREADWAYS			NEW TIRES		0.00	0.00	10	0	20	0	277.53	13.00	313.60	350.00	02/26/2013	330.00	02/26/2013	12/16/2014	11	02/03/2015	457517	12428	154804.00	01/01/0001	24205.70	502.00						
SUMIT5201	385/65R22.5	SUMITOMO 385/65R22.5 ST520 18P		TREADWAYS			NEW TIRES		0.00	0.00	0	0	0	0	495.47	13.00	559.88	540.00	02/26/2014	515.00	02/26/2014	07/31/2014	0	02/11/2015	453515	9394	22246.00	01/01/0001	1810.69	49.00						
SUMIT54	11R24.5	SUMITOMO 11R24.5 ST710 LRG		TREADWAYS			NEW TIRES		0.00	0.00	16	0	0	0	307.51	13.00	347.48	365.00	01/30/2014	345.00	01/30/2014	01/08/2015	16	01/21/2015	436074	10383	50930.00	01/01/0001	8983.44	165.00						
SUMIT57	SOLDOUT	SUMITOMO 11R22.5 ST528 LRH		TREADWAYS			NEW TIRES		0.00	0.00	0	0	0	0	310.52	13.00	350.89	500.00	02/27/2012	470.00	02/27/2012	11/07/2014	0	01/17/2015	448359	5719	43390.00	01/01/0001	6908.95	123.00						
SUMIT58	295/75R22.5	SUMITOMO 295/75R22.5 ST710 LRG		TREADWAYS		5532175	NEW TIRES		0.00	0.00	3	0	0	0	271.22	13.00	306.47	345.00	07/15/2013	315.00	03/12/2013	11/07/2014	3	02/24/2015	457185	11707	158296.00	01/01/0001	31347.31	583.00						
SUMIT61	285/75R24.5	SUMIT0MO 285/75R24.5 ST938 14P		TREADWAYS		5532778	NEW TIRES		0.00	0.00	16	0	0	0	315.69	13.00	356.72	405.00	07/15/2013	375.00	02/26/2013	12/11/2014	18	01/17/2015	457410	12410	93746.00	01/01/0001	14327.67	252.00						
SUMIT66	285/75R24.5	SUMITOMO 285/75R24.5 ST778 LRG		TREADWAYS			NEW TIRES		0.00	0.00	7	0	0	0	307.67	13.00	347.66	395.00	07/15/2013	365.00	02/26/2013	12/11/2014	7	01/17/2015	455794	12410	103654.00	01/01/0001	16087.34	280.00						
SUMIT67	295/75R22.5	SUMITOMO 295/75R22.5 ST709 LRG		TREADWAYS			NEW TIRES		0.00	0.00	8	0	0	0	299.06	13.00	337.93	370.00	07/15/2013	340.00	04/23/2013	11/07/2014	8	02/24/2015	436826	11290	35750.00	01/01/0001	6690.11	114.00						
SUMIT85	14/80R20	SUMITOMO 14/80R20 ST717 LRJ		TREADWAYS			NEW TIRES		0.00	0.00	18	0	0	0	562.62	13.00	635.76	840.00	07/12/2012	790.00	07/12/2012	02/17/2015	2	01/17/2015	455441	12652	169355.00	01/01/0001	29183.04	231.00						
SUMIT87	SOLDOUT	SUMITOMO 11R24.5 ST709 LRH		TREADWAYS			NEW TIRES		0.00	0.00	0	0	0	0	263.44	13.00	297.69	450.00	07/15/2013	420.00	02/27/2012	01/08/2015	0	01/17/2015	394337	4097	11531.00	01/01/0001	2047.16	36.00						
SUMIT89	295/75R22.5	SUMITOMO 295/75R22.5 ST938 LRG		TREADWAYS			NEW TIRES		0.00	0.00	1	-8	0	0	295.31	13.00	333.70	380.00	07/15/2013	350.00	02/26/2013	12/11/2014	1	02/24/2015	455849	12410	130035.00	01/01/0001	22825.23	374.00						
SUMIT918	245/70R19.5	SUMITOMO 245/70R19.5 ST918 14P		ACME			NEW TIRES		0.00	0.00	0	0	0	0	276.58	13.00	312.53	295.00	01/30/2014	275.00	01/30/2014	02/05/2015	1	01/17/2015	457272	12608	9165.00	01/01/0001	1375.08	31.00						
SUMIT99	11R22.5	SUMITOMO 11R22.5 ST709 LRG		TREADWAYS			NEW TIRES		0.00	0.00	33	0	16	0	302.81	13.00	342.17	375.00	07/15/2013	345.00	04/23/2013	02/11/2015	33	02/09/2015	457113	11542	21250.00	01/01/0001	4558.91	61.00						
SUMITOMO22	225/70R19.5	SUMITOMO 225/70R19.5 ST918 14P		TREADWAYS					0.00	0.00	0	0	0	0	218.64	13.00	247.06	265.00	04/18/2013	245.00	11/19/2012	12/30/2014	0	02/19/2015	440150	11290	4180.00	01/01/0001	708.40	16.00						
SUMMIT520	425/65R22.5	SUMITOMO 425/65R22.5 ST520 20P		TREADWAYS			NEW TIRES		0.00	0.00	2	0	0	0	599.52	13.00	677.46	660.00	05/28/2014	625.00	05/28/2014	05/27/2014	2	01/17/2015	452471	11036	30520.00	01/01/0001	2918.38	59.00						
SUPER02	22.5X10-8	SUPERGRIP 22.5x10.00-8 6PR					NEW TIRES		0.00	0.00	0	0	0	0	55.00	13.00	62.15	85.00	09/26/2008	75.00	09/26/2008	05/08/2012	0	01/20/2014	372645	0	85.00	01/01/0001	30.00	1.00						
SUPERSTAR400	400-8	SUPERSTAR 400-8 3.75 WITH RHIN		EMERALD		400X8/3.75	NEW TIRES		0.00	0.00	169	0	0	0	44.00	13.00	49.72	58.00	05/08/2013	58.00	05/08/2013	09/18/2014	169	01/28/2015	456572	12052	12607.00	01/01/0001	2311.00	234.00						
SWITCH04	SWITCH	ROTATE TIRES4					MOUNTS		0.00	0.00	0	0	0	0	2.00	13.00	2.26	5.00	01/30/2012	5.00	01/30/2012	06/21/2007	0	06/21/2007	458797	0	7508.50	01/01/0001	4162.50	1673.00						
SWITCH10	SWITCH	ROTATE TIRES					MOUNTS		0.00	0.00	0	0	0	0	5.00	13.00	5.65	10.00		10.00			0		458847	0	115798.42	05/13/2007	79748.42	7210.00						
SWITCH20	SWITCH	ROTATE FOAMFILLED TIRES					MOUNTS		0.00	0.00	0	0	0	0	10.00	13.00	11.30	20.00		20.00			0		446580	0	2877.50	05/13/2007	1807.50	107.00						
SWITCH22.5	SWITCH	ROTATE TIRES225					MOUNTS		0.00	0.00	0	0	0	0	1.00	13.00	1.13	22.50	07/10/2008	22.50	07/10/2008		0		435360	0	2019.00	05/13/2007	1926.00	93.00						
SWITCH30	SWITCH	ROTATE FOAMFILL TIRES					MOUNTS		0.00	0.00	0	0	0	0	15.00	13.00	16.95	30.00		30.00			0		458752	0	10778.50	05/13/2007	6233.50	303.00						
SWITCH7.5	SWITCH	ROTATE TIRES7.5					MOUNTS		0.00	0.00	0	0	0	0	5.00	13.00	5.65	10.00	01/30/2012	10.00	01/30/2012	05/15/2007	0	05/15/2007	458825	0	25190.00	05/29/2007	9325.00	3173.00						
TARP18	TARP	TARP 7-18					TUBES		0.00	0.00	0	0	0	0	35.10	13.00	39.66	45.00		45.00			0		422328	0	815.00	05/13/2007	183.20	18.00						
TARP20	TARP	TARP 7-20					TUBES		0.00	0.00	0	0	0	0	39.00	13.00	44.07	50.00		50.00			0		435549	0	1268.00	05/13/2007	293.00	25.00						
TARP24	TARP	TARP 7-24					TUBES		0.00	0.00	0	0	0	0	46.80	13.00	52.88	55.00		55.00			0		445212	0	358.00	05/13/2007	124.00	5.00						
TBC814	SOLDOUT	TOW MASTER 8-14.5 HW 12PR TL		ORINOCO			NEW TIRES		0.00	0.00	0	0	0	0	40.00	13.00	45.20	85.00	10/01/2012	75.00	10/01/2012	03/14/2013	0	11/12/2013	412495	9900	1675.00	01/01/0001	401.35	21.00						
TIBER05	1100-24.5	TIBER 1100-24.5  TRAC					NEW TIRES		0.00	0.00	1	0	0	0	1.00	13.00	1.13	189.00		189.00		04/19/2010	1	01/17/2015	366089	0	0.00	05/13/2007	0.00	0.00						
TIBER07	SOLDOUT	MRF 19.5L24 R4 12P		TYRES			NEW TIRES		0.00	0.00	0	0	0	0	385.00	13.00	435.05	550.00	07/12/2011	500.00	07/12/2011	01/04/2011	0	11/11/2013	380955	5763	199715.00	05/13/2007	46276.84	473.00						
TIBER16.5	10-16.5	TIBER 10-16.5 10PR R-4		QINGDAOSIN			NEW TIRES		0.00	0.00	11	0	0	0	88.21	13.00	99.67	125.00	10/14/2010	110.00	10/14/2010	02/13/2015	11	02/13/2015	452286	10409	3100.00	01/01/0001	806.54	26.00						
TIBER17.5	1300-24	TITAN 1300-24 G2/L2 12PR		TGI		1350220	NEW TIRES		0.00	0.00	2	0	0	0	329.95	13.00	372.84	410.00	07/28/2014	385.00	07/28/2014	12/29/2014	7	02/11/2015	458695	12471	20430.00	01/01/0001	4010.79	57.00						
TIBER19	19.5L24	RINTAL 19.5L24 12PR R4		FULLRUN			NEW TIRES		0.00	0.00	18	0	0	0	380.91	13.00	430.43	490.00	12/01/2014	460.00	12/01/2014	10/17/2014	31	01/17/2015	458460	12183	74640.00	01/01/0001	14152.26	164.00						
TIBER19.5	15-19.5	TIBER 15-19.5 R-4 14PR		TYRES			NEW TIRES		0.00	0.00	1	0	0	0	246.99	13.00	279.09	330.00	04/22/2014	290.00	04/22/2014	05/08/2014	1	01/17/2015	448567	9709	2390.00	01/01/0001	392.32	7.00						
TIE	TIE ROD	TIE ROD (INSTALLED)					ALIGNMENT		0.00	0.00	0	0	0	0	1.00	13.00	1.13	0.00		0.00			0		458583	0	108322.98	05/13/2007	107758.98	564.00						
TIRE	TIRE	NEW TIRE  SEE COMMENTS BELOW					NEW TIRES		0.00	0.00	0	0	0	0	1.00	13.00	1.13	1000.00		1000.00		02/29/2012	0	02/29/2012	458916	0	543039.98	01/01/0001	541539.98	1500.00						
TIRE SEALER	TIRE LIQUID	TIRE SEALER (PER GALLON)					TUBES		0.00	0.00	0	0	0	0	15.00	13.00	16.95	25.00		25.00		03/27/2012	0	03/27/2012	453845	0	870.70	01/01/0001	315.70	37.00						
TIRE01	TIRE	NEW TIRE. SEE COMMENTS BELOW					NEW TIRES		0.00	0.00	0	0	0	0	1.00	13.00	1.13	1000.00	10/14/2010	1000.00	10/14/2010	02/29/2012	0	02/29/2012	457594	0	42247.00	01/01/0001	41581.00	666.00						
TIRE02	TIRE	NEW TIRE..SEE COMMENTS BELOW					NEW TIRES		0.00	0.00	0	0	0	0	1.00	13.00	1.13	1000.00	10/14/2010	1000.00	10/14/2010	02/29/2012	0	02/29/2012	457594	0	12437.00	01/01/0001	12255.00	182.00						
TIRE03	TIRE	NEW TIRE..SEE COMMENTS BELOW.					NEW TIRES		0.00	0.00	0	0	0	0	1.00	13.00	1.13	1000.00	10/14/2010	1000.00	10/14/2010	02/29/2012	0	02/29/2012	453947	0	7847.68	01/01/0001	7782.68	65.00						
TIRELIFE	TIRE LIQUID	TIRE LIFE (PER GALLON)					TUBES		0.00	0.00	0	0	0	0	10.00	13.00	11.30	22.00	03/27/2012	22.00	03/27/2012	09/30/2010	0	09/30/2010	458846	0	72183.62	01/01/0001	40433.62	3179.00						
TIRELIFE02	TIRE LIQUID	TIRE LIFE (6 GALLON PAIL)					TUBES		0.00	0.00	0	0	0	0	66.57	13.00	75.22	90.00	04/03/2012	90.00	04/03/2012	04/03/2012	0	04/03/2012	448789	0	677.70	01/01/0001	-1519.11	33.00						
TIRESEALER02	TIRE LIQUID	TIRE SEALER (6 GALLON PAIL)					TUBES		0.00	0.00	0	0	0	0	72.06	13.00	81.43	92.00	04/03/2012	92.00	04/03/2012	04/03/2012	0	04/03/2012	457726	0	4926.85	01/01/0001	819.43	57.00						
TITAN29	29.5-29	TITAN 29.5-29 E3/L3 34 TL		KAUFFMAN			NEW TIRES		0.00	0.00	0	0	0	0	3814.12	13.00	4309.96	4600.00	06/17/2011	4350.00	06/17/2011	06/03/2011	0	01/17/2015	410374	6596	21210.00	01/01/0001	2139.40	5.00						
TOWMAX	175/80R13	TOWMAX 175/80R13 TL 6PR		TREADWAYS			NEW TIRES		0.00	0.00	21	0	0	0	33.27	13.00	37.59	46.00		42.00		10/24/2014	26	01/17/2015	457869	12215	748.00	01/01/0001	214.29	16.00						
TOWMAX205	205/75R15	TOWMAX 205/75R15 TL 6PR		TREADWAYS		TBC MAX48	NEW TIRES		0.00	0.00	68	0	0	0	48.42	13.00	54.71	70.00	09/22/2014	65.00	09/22/2014	10/24/2014	77	01/19/2015	458612	12215	2070.00	01/01/0001	620.00	30.00						
TOWMAX225	225/75R15	TOWMAX 225/75R15 TL10PR		TREADWAYS		TBC-MAX53	NEW TIRES		0.00	0.00	69	-3	0	0	57.17	13.00	64.60	85.00	07/29/2014	75.00	07/29/2014	10/24/2014	80	01/29/2015	457934	12215	2750.00	01/01/0001	799.08	34.00						
TOYO1	355/60R20	TOYO 355/60R20 TOYO					NEW TIRES		0.00	0.00	0	0	0	0	150.00	13.00	169.50	150.00		150.00		12/08/2008	0	11/09/2014	0	0	0.00	01/01/0001	0.00	0.00						
TRACK	TRACK	TRACK		MITCO			NEW TIRES		0.00	0.00	0	0	0	0	261.05	13.00	294.98	1.00		1.00		09/08/2009	0	03/07/2008	449831	3734	38957.74	01/01/0001	20244.84	43.00						
TRACK01	TRACK	TRACK 300x52.5x80		MITCO			NEW TIRES		0.00	0.00	2	0	0	0	503.48	13.00	568.93	740.00	05/16/2007	700.00	05/16/2007	02/26/2015	0	03/11/2008	317752	12687	1460.00	01/01/0001	237.80	2.00						
TRACK02	TRACK	TRACK 300x52.5x86		MITCO			NEW TIRES		0.00	0.00	0	0	0	0	696.34	13.00	786.86	840.00	03/17/2008	790.00	03/17/2008	03/17/2008	1	03/18/2008	372429	1673	800.00	01/01/0001	103.66	1.00						
TRACK04	TRACK	TRACK 180x72x38		MITCO					0.00	0.00	0	0	0	0	186.13	13.00	210.33	280.00	07/21/2008	250.00	07/21/2008	07/21/2008	0	09/28/2009	348741	2239	250.00	01/01/0001	63.87	1.00						
TRACK05	TRACK	TRACK 300x52.5x84		MITCO			NEW TIRES		0.00	0.00	0	0	0	0	717.00	13.00	810.21	950.00	05/16/2007	850.00	05/16/2007	07/29/2008	0	07/29/2008	323957	2282	1600.00	01/01/0001	166.00	2.00						
TRACK06	TRACK	TRACK 320x86x52					NEW TIRES		0.00	0.00	1	0	0	0	604.36	13.00	682.92	700.00	01/12/2009	700.00	01/12/2009	05/20/2009	1	05/20/2009	0	0	0.00	01/01/0001	0.00	0.00						
TRAGARD	18X8.50-8	TRAG/POWERK 18X8.5-8 RIB 4PR		TREADWAYS		TBC SST50	NEW TIRES		0.00	0.00	101	0	0	0	19.13	13.00	21.61	45.00	11/18/2014	30.00	11/18/2014	11/18/2014	116	01/17/2015	458708	12328	615.00	01/01/0001	328.05	15.00						
TRAICUTTER215	215/85R16	TRAILCUTTER 215/85R16 10PR		TREADWAYS		TK553	NEW TIRES		0.00	0.00	322	0	0	0	83.10	13.00	93.90	110.00	01/23/2015	98.00	01/23/2015	01/23/2015	269	01/29/2015	458875	12592	31035.00	01/01/0001	6020.86	324.00						
TRAILCUTTER	265/70R17	TRAILCUTTER 265/70R17 10P		TREADWAYS		TBC-HLT91	NEW TIRES		0.00	0.00	13	0	0	0	95.93	13.00	108.40	145.00	08/21/2014	135.00	08/21/2014	08/25/2014	14	01/17/2015	457760	11929	975.00	01/01/0001	303.49	7.00						
TRAILCUTTER11	235/75R15	TRAILCUTTER 235/75R15 6PR		TREADWAYS			NEW TIRES		0.00	0.00	6	0	0	0	70.24	13.00	79.37	100.00	01/31/2012	90.00	09/01/2011	09/23/2014	5	02/06/2015	458491	12070	1140.00	01/01/0001	297.12	12.00						
TRAILCUTTER225	225/75R16	TRAILCUTTER 225/75R16 10PR		TREADWAYS		TEMP-HLT25	NEW TIRES		0.00	0.00	108	0	0	0	81.68	13.00	92.30	105.00	01/31/2008	95.00	01/23/2015	01/23/2015	116	01/29/2015	458551	12592	14915.00	01/01/0001	3440.83	148.00						
TRAILERKING175	175/80R13	IRONMAN 175/80R13 6PR TL		ITCO		TK513	NEW TIRES		0.00	0.00	4	0	0	0	32.46	13.00	36.67	46.00	10/14/2010	42.00	10/14/2010	08/27/2014	6	01/17/2015	458484	11965	1962.00	01/01/0001	445.97	43.00						
TRAILERKING205	205/75R15	TRAILERKING 205/75R15 TL 8PR		TREADWAYS		TKS49	NEW TIRES		0.00	0.00	3	0	0	0	49.10	13.00	55.48	70.00	09/22/2014	65.00	09/22/2014	06/25/2014	6	01/19/2015	458654	11707	14962.00	01/01/0001	3813.22	206.00						
TRAILERKING225	225/75R15	TRAILERKING 225/75R15 TL 10PR		TREADWAYS		TBC-TKS53	NEW TIRES		0.00	0.00	42	0	0	0	56.81	13.00	64.19	85.00	01/30/2014	75.00	01/30/2014	10/13/2014	46	01/29/2015	458682	12155	23619.00	01/01/0001	5515.49	285.00						
TRAILERKING235	235/80R16	TRAILERKING 235/80R16 TL 10PR		TREADWAYS			NEW TIRES		0.00	0.00	4	0	0	0	72.04	13.00	81.40	110.00	10/14/2010	100.00	10/14/2010	09/23/2014	4	01/17/2015	455937	12070	1940.00	01/01/0001	643.28	18.00						
TRANSPORTER01	205/75R15	TRANSPORTER 205/75R15 6PR					NEW TIRES		0.00	0.00	2	0	0	0	55.00	13.00	62.15	65.00	03/16/2011	60.00	03/16/2011	09/22/2014	2	01/19/2015	455457	0	65.00	01/01/0001	10.00	1.00						
TRAZANO235	235/75R15	GOFORM 235/75R15 GT-02 6PR		ACME			NEW TIRES		0.00	0.00	1	0	0	0	65.00	13.00	73.45	100.00	10/17/2011	90.00	10/17/2011	08/26/2014	1	02/06/2015	457728	11953	4976.00	01/01/0001	1386.95	52.00						
TRIANGLE 10	10R22.5	TRIANGLE 10R22.5 TR665		TREADWAYS		GS61	NEW TIRES		0.00	0.00	15	0	0	0	197.25	13.00	222.89	240.00	01/23/2015	225.00	01/23/2015	01/23/2015	0	01/17/2015	458870	12592	3950.00	01/01/0001	651.22	16.00						
TRIANGLE05	25X12-10	CARLISLE 25x12-10		TGI			NEW TIRES		0.00	0.00	0	0	20	0	114.30	13.00	129.16	80.00	03/04/2013	80.00	03/04/2013	07/27/2011	0	01/17/2015	384166	5677	15009.00	05/13/2007	3914.28	114.00						
TRIANGLE08	8R19.5	DYNATRAC 8R19.5 12PL HWY		ITCO			NEW TIRES		0.00	0.00	0	0	0	0	96.81	13.00	109.40	162.00	07/29/2011	142.00	07/29/2011	06/09/2011	0	01/17/2015	445057	6623	8398.00	05/13/2007	2118.57	62.00						
TRIANGLE20.5	SOLDOUT	TRIANGLE 20.5R25 E-3 TB516		TGI			NEW TIRES		0.00	0.00	0	0	0	0	1249.95	13.00	1412.44	1700.00	10/14/2010	1500.00	10/14/2010	07/26/2011	0	11/11/2013	378609	6355	4500.00	01/01/0001	750.15	3.00						
TRIANGLE696	SOLDOUT	TRIANGLE 11R22.5 HWY696 16PR		SUNSHINE		TRITire	NEW TIRES		0.00	0.00	0	0	0	0	238.00	13.00	268.94	275.00	11/08/2013	255.00	11/08/2013	08/20/2014	0	08/20/2014	434311	7702	20075.00	01/01/0001	2939.00	72.00						
TUBE01	TUBES	480-8 TUBE					TUBES		0.00	0.00	0	0	0	0	3.95	13.00	4.46	8.00	05/08/2008	8.00	05/08/2008	11/04/2009	-24	11/23/2011	456196	0	374.00	05/13/2007	203.10	47.00						
TUBE02	TUBES	600-9 TUBE					TUBES		0.00	0.00	0	0	0	0	6.06	13.00	6.85	13.00	10/05/2011	13.00	10/05/2011	11/04/2009	-154	11/23/2011	457400	0	3403.00	05/13/2007	1964.56	305.00						
TUBE03	TUBES	700-12 TUBE					TUBES		0.00	0.00	0	0	0	0	7.16	13.00	8.09	15.00	01/12/2009	13.00	10/05/2011	11/04/2009	-117	11/23/2011	458852	2134	4439.20	05/13/2007	2413.20	332.00						
TUBE04	TUBES	825x15 TUBE					TUBES		0.00	0.00	0	0	0	0	10.45	13.00	11.81	20.00	01/12/2009	18.00	10/05/2011	11/04/2009	-101	11/23/2011	458752	0	6881.70	05/13/2007	3937.50	336.00						
TUBE05	TUBES	1000-15 TUBE					TUBES		0.00	0.00	0	0	0	0	1.00	13.00	1.13	22.00	02/06/2014	19.50	02/06/2014	11/04/2009	-7	11/23/2011	454649	0	1240.00	05/13/2007	1174.00	66.00						
TUBE06	TUBES	750-16 RUBBER VALVE TUBE					TUBES		0.00	0.00	0	0	0	0	1.00	13.00	1.13	15.00	01/12/2009	12.00	01/12/2009	11/04/2009	-14	11/23/2011	450704	0	783.00	05/13/2007	722.00	61.00						
TUBE07	TUBES	750-16 METAL VALVE TUBE					TUBES		0.00	0.00	0	0	0	0	1.00	13.00	1.13	15.00	01/12/2009	12.00	01/12/2009	11/04/2009	-57	11/23/2011	456518	0	1419.50	05/13/2007	1316.50	103.00						
TUBE08	TUBES	14.75-16.5 TUBE					TUBES		0.00	0.00	3	0	0	0	1.00	13.00	1.13	25.00	01/12/2009	21.00		11/04/2009	3	11/23/2011	0	0	0.00	05/13/2007	0.00	0.00						
TUBE09	TUBES	12.4-16.5 TUBE					TUBES		0.00	0.00	0	0	0	0	1.00	13.00	1.13	25.00	01/12/2009	21.00	01/12/2009	11/04/2009	-17	11/23/2011	397334	0	367.00	05/13/2007	347.00	20.00						
TUBE10	TUBES	14-17.5 TUBE					TUBES		0.00	0.00	0	0	0	0	1.00	13.00	1.13	35.00	01/12/2009	29.00	01/12/2009	11/04/2009	-3	11/23/2011	306637	0	153.00	05/13/2007	150.00	3.00						
TUBE11	TUBES	825-20 TUBE					TUBES		0.00	0.00	0	0	0	0	1.00	13.00	1.13	15.00	01/12/2009	12.00	01/12/2009	11/04/2009	-15	11/23/2011	446158	0	539.00	05/13/2007	508.00	31.00						
TUBE12	TUBES	1100-20 TUBE					TUBES		0.00	0.00	0	0	0	0	1.00	13.00	1.13	30.00	01/12/2009	25.00	01/12/2009	11/04/2009	-23	11/23/2011	456953	0	878.22	05/13/2007	838.22	40.00						
TUBE13	TUBES	10.5/80-20 TUBE					TUBES		0.00	0.00	0	0	0	0	1.00	13.00	1.13	25.00	01/12/2009	20.00	01/12/2009	11/04/2009	-87	11/23/2011	401009	0	3443.00	05/13/2007	3322.00	121.00						
TUBE14	TUBES	1400-20 TUBE					TUBES		0.00	0.00	0	0	0	0	27.00	13.00	30.51	50.00	12/15/2011	45.00	12/15/2011	11/04/2009	-139	11/23/2011	457551	1726	8319.00	05/13/2007	4898.00	197.00						
TUBE15	TUBES	13/14-20 TUBE					TUBES		0.00	0.00	0	0	0	0	1.00	13.00	1.13	65.00	08/12/2014	60.00	08/12/2014	11/04/2009	-21	11/23/2011	454525	0	2749.00	05/13/2007	2677.00	72.00						
TUBE150	TUBES	10/12-16.5 TUBE					TUBES		0.00	0.00	0	0	0	0	12.50	13.00	14.12	18.00	11/04/2009	18.00	11/04/2009	11/04/2009	-4	11/23/2011	444450	0	120.00	01/01/0001	7.50	9.00						
TUBE151	TUBES	23.1-26 TUBE					TUBES		0.00	0.00	0	0	0	0	57.37	13.00	64.83	75.00	11/04/2009	70.00	09/29/2008	11/04/2009	-8	11/23/2011	452787	0	1205.00	01/01/0001	287.08	16.00						
TUBE16	TUBES	1200-20 TUBE					TUBES		0.00	0.00	0	0	0	0	1.00	13.00	1.13	50.00	06/20/2012	45.00	06/20/2012	11/04/2009	-82	11/23/2011	458415	0	12972.50	05/13/2007	12647.50	325.00						
TUBE17	TUBES	750-20 TUBE					TUBES		0.00	0.00	68	0	0	0	9.24	13.00	10.44	10.00	05/08/2008	10.00	05/08/2008	11/04/2009	73	11/23/2011	447331	0	208.00	05/13/2007	107.60	18.00						
TUBE18	TUBES	1000-20 TUBE		CHINESE			TUBES		0.00	0.00	643	1	0	0	9.90	13.00	11.19	19.50	07/01/2008	19.50	12/22/2011	10/15/2010	3211	11/23/2011	458914	5348	93449.15	05/13/2007	26851.60	6545.00						
TUBE19	TUBES	11R20 TUBE					TUBES		0.00	0.00	0	0	0	0	1.00	13.00	1.13	30.00	01/12/2009	26.00	01/12/2009	11/04/2009	-21	11/23/2011	437974	0	955.00	05/13/2007	923.00	32.00						
TUBE20	TUBES	500x8 TUBE					TUBES		0.00	0.00	0	0	0	0	1.00	13.00	1.13	12.00	06/18/2012	12.00	06/18/2012	11/04/2009	-5	11/23/2011	457571	0	1035.00	05/13/2007	969.00	66.00						
TUBE21	TUBES	1600R20 TUBE					TUBES		0.00	0.00	0	0	0	0	1.00	13.00	1.13	35.00		35.00		11/04/2009	0	11/23/2011	0	0	0.00	05/13/2007	0.00	0.00						
TUBE22	TUBES	1000-22 TUBE					TUBES		0.00	0.00	0	0	0	0	1.00	13.00	1.13	15.00		15.00		11/04/2009	-6	11/23/2011	446245	0	1664.20	05/13/2007	1470.20	194.00						
TUBE23	TUBES	11R22 TUBE					TUBES		0.00	0.00	85	0	0	0	1.00	13.00	1.13	25.00	01/12/2009	25.00	01/12/2009	11/04/2009	89	11/23/2011	430636	0	285.28	05/13/2007	270.28	15.00						
TUBE24	TUBES	11R22.5 TUBE					TUBES		0.00	0.00	0	0	0	0	1.00	13.00	1.13	19.00		19.00		11/04/2009	-59	11/23/2011	409650	0	904.00	05/13/2007	835.00	69.00						
TUBE25	TUBES	13/14R24/25		TREADWAYS			TUBES		0.00	0.00	0	0	0	0	36.59	13.00	41.34	60.00	12/12/2013	55.00	12/12/2013	03/06/2014	-122	11/23/2011	458605	11290	25183.50	05/13/2007	9649.16	486.00						
TUBE26	TUBES	11/12.4-24 TUBE					TUBES		0.00	0.00	0	0	0	0	1.00	13.00	1.13	45.00	01/12/2009	40.00	01/12/2009	11/04/2009	-8	11/23/2011	417044	0	758.40	05/13/2007	737.40	21.00						
TUBE27	TUBES	17.5-24 TUBE					TUBES		0.00	0.00	0	0	0	0	1.00	13.00	1.13	45.00	01/12/2009	40.00	01/12/2009	11/04/2009	-5	11/23/2011	457303	0	300.00	05/13/2007	293.00	7.00						
TUBE28	TUBES	23.5-25 TUBE					TUBES		0.00	0.00	0	0	0	0	1.00	13.00	1.13	110.00	01/12/2009	99.00	01/12/2009	11/04/2009	-9	11/23/2011	379291	0	844.00	05/13/2007	834.00	10.00						
TUBE29	TUBES	20.5-25 TUBE					TUBES		0.00	0.00	0	0	0	0	55.32	13.00	62.51	75.00	01/12/2009	70.00	11/04/2009	11/04/2009	-38	11/23/2011	444450	0	3383.00	05/13/2007	2568.52	54.00						
TUBE30	TUBES	13.4-26 TUBE					TUBES		0.00	0.00	0	0	0	0	1.00	13.00	1.13	42.00		42.00		11/04/2009	-5	11/23/2011	336226	0	204.00	05/13/2007	199.00	5.00						
TUBE31	TUBES	28L26 TUBE					TUBES		0.00	0.00	0	0	0	0	1.00	13.00	1.13	90.00	01/12/2009	80.00	01/12/2009	11/04/2009	-10	11/23/2011	453105	0	643.00	05/13/2007	632.00	11.00						
TUBE32	TUBES	18/19-31 TUBE					TUBES		0.00	0.00	0	0	0	0	1.00	13.00	1.13	50.00		50.00		11/04/2009	0	11/23/2011	0	0	0.00	05/13/2007	0.00	0.00						
TUBE33	TUBES	18.4-34 TUBE					TUBES		0.00	0.00	0	0	0	0	1.00	13.00	1.13	63.00	01/12/2009	53.00		11/04/2009	-3	11/23/2011	330815	0	167.00	05/13/2007	164.00	3.00						
TUBE34	TUBES	18.4-38 TUBE					TUBES		0.00	0.00	0	0	0	0	1.00	13.00	1.13	69.00	01/12/2009	59.00		11/04/2009	0	11/23/2011	312632	0	55.00	05/13/2007	54.00	1.00						
TUBE35	TUBES	18.4-30 TUBE					TUBES		0.00	0.00	1	0	0	0	1.00	13.00	1.13	60.00	01/12/2009	50.00		11/04/2009	1	11/23/2011	354681	0	170.00	05/13/2007	167.00	3.00						
TUBE36	TUBES	18.4-26 TUBE				.	TUBES		0.00	0.00	7	0	0	0	1.00	13.00	1.13	60.00	11/22/2011	60.00	11/22/2011	11/04/2009	11	11/23/2011	445707	0	540.00	05/13/2007	528.00	12.00						
TUBE37	TUBES	18R25 TUBE					TUBES		0.00	0.00	0	0	0	0	1.00	13.00	1.13	75.00	01/12/2009	65.00	01/12/2009	11/04/2009	0	11/23/2011	420009	0	65.00	05/13/2007	64.00	1.00						
TUBE38	TUBES	19.5-24 TUBE					TUBES		0.00	0.00	0	0	0	0	34.29	13.00	38.74	55.00	01/12/2009	47.00	01/12/2009	11/04/2009	-19	11/23/2011	453320	0	3055.00	05/13/2007	2106.17	50.00						
TUBE39	TUBES	900-20 TUBE					TUBES		0.00	0.00	0	0	0	0	1.00	13.00	1.13	15.00	05/08/2008	15.00	05/08/2008	11/04/2009	-1022	11/23/2011	458807	0	13619.88	05/13/2007	12551.88	1068.00						
TUBE40	TUBES	950-16.5 TUBE					TUBES		0.00	0.00	0	0	0	0	1.00	13.00	1.13	21.00		21.00		11/04/2009	0	11/23/2011	0	0	0.00	05/13/2007	0.00	0.00						
TUBE41	TUBES	18-19X16.1					TUBES		0.00	0.00	0	0	0	0	1.00	13.00	1.13	30.00		30.00		11/04/2009	-1	11/23/2011	307064	0	30.00	05/13/2007	29.00	1.00						
TUBE42	TUBES	13.50-16.1					TUBES		0.00	0.00	0	0	0	0	1.00	13.00	1.13	20.00		20.00		11/04/2009	0	11/23/2011	0	0	0.00	05/13/2007	0.00	0.00						
TUBE43	TUBES	11/15-16					TUBES		0.00	0.00	0	0	0	0	1.00	13.00	1.13	15.00	05/08/2008	15.00	05/08/2008	11/04/2009	-16	11/23/2011	456776	0	494.70	05/13/2007	466.70	28.00						
TUBE44	TUBES	300-15 TUBE					TUBES		0.00	0.00	0	0	0	0	11.75	13.00	13.28	26.00	04/23/2013	26.00	04/23/2013	11/04/2009	-38	11/23/2011	457937	0	2456.00	05/13/2007	1267.75	124.00						
TUBE45	TUBES	700/750-15 TUBES					TUBES		0.00	0.00	0	0	0	0	1.00	13.00	1.13	17.00	06/18/2012	15.00	06/18/2012	11/04/2009	-67	11/23/2011	456772	0	2491.50	05/13/2007	2321.50	170.00						
TUBE46	TUBES	900R15					TUBES		0.00	0.00	0	0	0	0	1.00	13.00	1.13	15.00		15.00		11/04/2009	0	11/23/2011	0	0	0.00	05/13/2007	0.00	0.00						
TUBE47	TUBES	700-10 TUBE					TUBES		0.00	0.00	0	0	0	0	1.00	13.00	1.13	10.00		10.00		11/04/2009	-11	11/23/2011	457620	2	265.00	05/13/2007	241.00	24.00						
TUBE48	TUBES	650-10 TUBE					TUBES		0.00	0.00	0	0	0	0	6.47	13.00	7.31	15.00	01/12/2009	13.00	10/05/2011	11/04/2009	-49	11/23/2011	457378	0	2335.26	05/13/2007	1406.93	168.00						
TUBE49	TUBES	480-9 TUBE					TUBES		0.00	0.00	0	0	0	0	1.00	13.00	1.13	9.00	05/08/2008	9.00	05/08/2008	11/04/2009	-7	11/23/2011	378860	0	220.00	05/13/2007	213.00	7.00						
TUBE56	TUBES	16.9-30 TUBE					TUBES		0.00	0.00	0	0	0	0	25.00	13.00	28.25	35.00		35.00		11/04/2009	-6	11/23/2011	445053	0	453.00	01/01/0001	178.00	11.00						
TUBE70	TUBES	570-8 TUBE					TUBES		0.00	0.00	0	0	0	0	5.20	13.00	5.87	9.00	10/14/2010	9.00	10/14/2010	07/20/2012	0	07/20/2012	451543	0	9.00	01/01/0001	3.80	1.00						
TUBE90	TUBES	690-9 TUBE					TUBES		0.00	0.00	0	0	0	0	6.36	13.00	7.19	12.00	03/08/2012	12.00	03/08/2012	07/20/2012	0	07/20/2012	443065	0	156.00	01/01/0001	73.32	13.00						
TUBE99	TUBES	TUBE					TUBES		0.00	0.00	0	0	0	0	5.00	13.00	5.65	10.00		10.00		11/04/2009	-125	11/23/2011	456132	0	6875.00	01/01/0001	5500.00	275.00						
TURNPIKE750	SOLDOUT	POWERKING 1300x24 12PR R4		TREADWAYS			NEW TIRES		0.00	0.00	0	0	0	0	71.64	13.00	80.95	405.00	07/01/2014	405.00	07/01/2014	03/06/2014	1	07/01/2014	445241	11290	10986.00	01/01/0001	3104.12	100.00						
TURNPIKE8	8-14.5	TURNPIKE 8-14.5 HWY 14PR		TGI			NEW TIRES		0.00	0.00	1	0	0	0	55.95	13.00	63.22	80.00		70.00		07/07/2014	1	01/17/2015	448267	11750	240.00	01/01/0001	72.15	3.00						
UNIROYAL225	SOLDOUT	UNIROYAL 225/75R16 10P LAREDO		ITCO			NEW TIRES		0.00	0.00	0	0	0	0	150.02	13.00	169.52	185.00	01/31/2008	175.00	01/31/2008	09/15/2014	0	09/22/2014	436785	10035	22843.00	01/01/0001	-2906.10	170.00						
USADAS	275/70R22.5	USED 275/70R22.5					NEW TIRES		0.00	0.00	6	0	0	0	0.00	13.00	0.00	80.00	04/04/2014	70.00	07/17/2014	02/03/2015	10	02/03/2015	458869	0	360.00	01/01/0001	360.00	4.00	DRIVE					
USED08	11R22.5	USED 11R22.5 TIRE					NEW TIRES		0.00	0.00	0	0	0	0	70.00	13.00	79.10	70.00	07/26/2007	70.00	07/26/2007	02/11/2015	-449	02/09/2015	458449	0	237034.57	05/31/2007	37268.57	3047.00						
USED09	295/75R22.5	USED LP22.5  TIRE					NEW TIRES		0.00	0.00	0	0	0	0	50.00	13.00	56.50	70.00	07/26/2007	70.00	07/26/2007	11/07/2014	-1610	02/24/2015	458925	0	117486.90	05/31/2007	43401.90	1614.00						
USED10	11R24.5	USED 11R24.5 TIRE					NEW TIRES		0.00	0.00	0	0	0	0	70.00	13.00	79.10	80.00	07/26/2007	80.00	07/26/2007	01/08/2015	-355	01/21/2015	457993	0	31861.00	06/05/2007	9843.00	352.00						
USED12	SOLDOUT	USED 20.5-25					NEW TIRES		0.00	0.00	0	0	0	0	100.00	13.00	113.00	250.00		250.00		07/26/2011	0	11/11/2013	404582	0	13415.00	01/01/0001	10315.00	31.00						
USED13	285/75R24.5	USED LP24.5 TIRE					NEW TIRES		0.00	0.00	0	0	0	0	1.00	13.00	1.13	80.00	07/26/2007	80.00	07/26/2007	11/07/2014	-655	01/17/2015	445586	0	40194.50	06/18/2007	39591.50	603.00						
USED14	12R22.5	USED 12R22.5 TIRE					NEW TIRES		0.00	0.00	0	0	0	0	80.00	13.00	90.40	80.00	07/09/2007	80.00	07/09/2007	02/26/2013	-333	01/17/2015	453947	0	30452.50	01/01/0001	4112.50	330.00						
USED15	315/80R22.5	USED 315/80R22.5 TIRE		TREADWAYS			NEW TIRES		0.00	0.00	0	0	0	0	332.10	13.00	375.27	60.00		60.00	05/14/2007	01/08/2015	-188	01/23/2015	458394	1618	19237.00	01/01/0001	-47183.00	200.00						
USED16	385/65R22.5	USED 385/65R22.5 BRIDGESTONE					NEW TIRES		0.00	0.00	2	0	0	0	275.00	13.00	310.75	375.00	07/31/2014	375.00	07/31/2014	07/31/2014	2	02/11/2015	441708	0	4000.00	01/01/0001	2440.00	26.00						
USED18	425/65R22.5	USED 425/65R22.5 TIRE					NEW TIRES		0.00	0.00	0	0	0	0	120.00	13.00	135.60	150.00	07/09/2007	150.00	07/09/2007	05/27/2014	-77	01/17/2015	446775	0	13475.00	01/01/0001	4355.00	76.00						
USED19	445/65R22.5	USED 445/65R22.5 TIRE					NEW TIRES		0.00	0.00	0	0	0	0	150.00	13.00	169.50	180.00		180.00		05/27/2014	-10	02/16/2015	398729	0	930.00	01/01/0001	30.00	6.00						
USED29	11-22.5	USED 11-22.5 HWY 14PR					NEW TIRES		0.00	0.00	0	0	0	0	60.00	13.00	67.80	100.00		100.00		04/19/2010	-39	01/17/2015	370618	0	3170.00	01/01/0001	-190.00	56.00						
USED49	23.5-25	USED 23.5-25 70-80%					NEW TIRES		0.00	0.00	0	0	0	0	1.00	13.00	1.13	950.00	04/29/2013	950.00	04/29/2013	12/30/2014	-2	11/09/2014	454607	0	17335.00	01/01/0001	17311.00	24.00						
USED50	17.5-25	USED 17.5-25 L2					NEW TIRES		0.00	0.00	0	0	0	0	0.00	13.00	0.00	350.00	08/20/2011	350.00	08/20/2011	06/08/2011	-2	06/26/2013	432449	0	1685.00	01/01/0001	1685.00	8.00						
USED52	20.5-25	USED 20.5-25 L3					NEW TIRES		0.00	0.00	0	0	0	0	0.00	13.00	0.00	800.00	05/01/2013	800.00	05/01/2013	11/26/2014	0	01/19/2015	457726	0	5135.00	01/01/0001	5135.00	8.00						
USED65	255/70R22.5	USED 255/70R22.5 TIRE					NEW TIRES		0.00	0.00	0	0	0	0	1.00	13.00	1.13	70.00	09/05/2008	70.00	09/05/2008	03/06/2014	-81	02/26/2015	454889	0	6707.50	01/01/0001	6615.50	92.00						
USED69	1400-24	USED 1400x24 14PR 50%					NEW TIRES		0.00	0.00	0	0	0	0	1.00	13.00	1.13	180.00	03/16/2011	180.00	03/16/2011	09/05/2014	-3	01/17/2015	0	0	0.00	01/01/0001	0.00	0.00						
VALVE01	VALVE	CAR RUBBER VALVE							0.00	0.00	0	4	0	0	0.18	13.00	0.20	1.00		1.00		02/20/2008	0		458666	0	5803.55	05/13/2007	4896.98	6388.00						
VALVE02	VALVE	VALVE FOR STEEL WHEEL							0.00	0.00	0	0	0	0	0.55	13.00	0.62	5.00		5.00		02/20/2008	0		458707	0	47461.15	05/13/2007	28888.53	34377.00						
VALVE03	VALVE	ALUMINUM TRUCK VALVE							0.00	0.00	0	0	0	0	0.70	13.00	0.79	7.00		7.00		02/20/2008	0		458178	0	9656.06	05/13/2007	7666.36	2803.00						
VALVE04	VALVE	WATER VALVE							0.00	0.00	0	0	0	0	0.85	13.00	0.96	10.00		10.00		02/20/2008	0		458846	0	8610.05	05/13/2007	7600.25	1188.00						
VALVE05	VALVE	3 PIECE OTR VALVE							0.00	0.00	0	0	0	0	2.50	13.00	2.83	18.00	03/08/2012	18.00	03/08/2012	02/20/2008	0		458846	0	19891.63	05/13/2007	17193.13	1104.00						
VALVE06	VALVE	OTR VALVE WITH EXTENSION					MOUNTS		0.00	0.00	0	0	0	0	13.75	13.00	15.54	30.00	06/01/2011	30.00	06/01/2011	06/01/2011	0	06/01/2011	457744	0	8866.97	01/01/0001	3614.47	382.00						
VESTS	MISC	VESTS							0.00	0.00	0	0	0	0	1.00	13.00	1.13	2.00		2.00		05/23/2007	0	05/23/2007	454178	0	8141.02	05/31/2007	7741.02	400.00						
VIKRANT14	1800-25	VIKRANT 1800x25 E4 40PR					NEW TIRES		0.00	0.00	1	0	0	0	850.00	13.00	960.50	1700.00	10/14/2010	1700.00	10/14/2010	06/27/2013	1	02/04/2015	0	0	0.00	01/01/0001	0.00	0.00						
W025	W	WEIGHT TL 0.25							0.00	0.00	0	0	0	0	0.00	13.00	0.00	0.00	09/05/2008	0.00	09/05/2008	10/29/2009	-86	02/19/2014	453228	0	1967.39	01/01/0001	1967.39	102.00						
W050	W	WEIGHT TL 0.50							0.00	0.00	0	0	0	0	0.00	13.00	0.00	0.00		0.00		10/29/2009	-25	02/19/2014	449653	0	198.18	01/01/0001	198.18	35.00						
W075	W	WEIGHT TL 0.75							0.00	0.00	0	0	0	0	0.00	13.00	0.00	0.00		0.00		10/29/2009	-19	02/19/2014	449653	0	153.49	01/01/0001	153.49	27.00						
W1	W	WEIGHT TL 1.00							0.00	0.00	0	0	0	0	0.00	13.00	0.00	0.00		0.00		10/29/2009	-21	02/19/2014	449653	0	207.10	01/01/0001	207.10	29.00						
W1.25	W	WEIGHT TL 1.25							0.00	0.00	0	0	0	0	0.00	13.00	0.00	0.00		0.00		10/29/2009	-18	02/19/2014	449653	0	238.73	01/01/0001	238.73	26.00						
W1.50	W	WEIGHT TL 1.50							0.00	0.00	0	0	0	0	0.00	13.00	0.00	0.00		0.00		10/29/2009	-14	02/19/2014	449653	0	233.46	01/01/0001	233.46	22.00						
W1.75	W	WEIGHT TL 1.75							0.00	0.00	0	0	0	0	0.00	13.00	0.00	0.00		0.00		10/29/2009	-3	02/19/2014	442534	0	55.50	01/01/0001	55.50	3.00						
W2	W	WEIGHT TL 2.00							0.00	0.00	0	0	0	0	0.00	13.00	0.00	0.00		0.00		10/29/2009	-1	02/19/2014	441412	0	16.50	01/01/0001	16.50	1.00						
W2.25	W	WEIGHT TL 2.25							0.00	0.00	0	0	0	0	0.00	13.00	0.00	0.00		0.00		10/29/2009	-1	02/19/2014	429170	0	19.00	01/01/0001	19.00	1.00						
W2.50	W	WEIGHT TL 2.50							0.00	0.00	0	0	0	0	0.00	13.00	0.00	0.00		0.00		10/29/2009	-1	02/19/2014	402794	0	24.50	01/01/0001	24.50	1.00						
WAITING	MISC	WAITING TIME					MOUNTS		0.00	0.00	0	0	0	0	1.00	13.00	1.13	45.00		45.00		09/29/2008	0	09/29/2008	457371	0	7960.00	01/01/0001	7772.00	188.00						
WAL0.25	W	WEIGHTAL 0.25							0.00	0.00	0	0	0	0	0.00	13.00	0.00	0.00		0.00		10/29/2009	-5	02/19/2014	444998	0	82.36	01/01/0001	82.36	7.00						
WAL0.50	W	WEIGHTAL 0.50							0.00	0.00	0	0	0	0	0.00	13.00	0.00	0.00		0.00		10/29/2009	-12	02/19/2014	449653	0	117.28	01/01/0001	117.28	20.00						
WAL0.75	W	WEIGHTAL 0.75							0.00	0.00	0	0	0	0	0.00	13.00	0.00	0.00		0.00		10/29/2009	-11	02/19/2014	449653	0	142.76	01/01/0001	142.76	19.00						
WAL1	W	WEIGHTAL 1.00							0.00	0.00	0	0	0	0	0.00	13.00	0.00	0.00		0.00		10/29/2009	-13	02/19/2014	449653	0	191.96	01/01/0001	191.96	21.00						
WAL1.25	W	WEIGHTAL 1.25							0.00	0.00	0	0	0	0	0.00	13.00	0.00	0.00		0.00		10/29/2009	-12	02/19/2014	449653	0	207.66	01/01/0001	207.66	20.00						
WAL1.50	W	WEIGHTAL 1.50							0.00	0.00	0	0	0	0	0.00	13.00	0.00	0.00		0.00		10/29/2009	-12	02/19/2014	449653	0	247.10	01/01/0001	247.10	20.00						
WAL1.75	W	WEIGHTAL 1.75							0.00	0.00	0	0	0	0	0.00	13.00	0.00	0.00		0.00		10/29/2009	0	02/19/2014	450554	0	0.00	01/01/0001	0.00	0.00						
WAL2	W	WEIGHTAL 2.00							0.00	0.00	0	0	0	0	0.00	13.00	0.00	0.00		0.00		10/29/2009	0	02/19/2014	450554	0	0.00	01/01/0001	0.00	0.00						
WAL2.25	W	WEIGHTAL 2.25							0.00	0.00	0	0	0	0	0.00	13.00	0.00	0.00		0.00		10/29/2009	0	02/19/2014	439147	0	0.00	01/01/0001	0.00	0.00						
WAL2.50	W	WEIGHTAL 2.50							0.00	0.00	0	0	0	0	0.00	13.00	0.00	0.00		0.00		10/29/2009	0	02/19/2014	442534	0	0.00	01/01/0001	0.00	0.00						
WATERFILL	WATERFILL	WATER FILL TIRES					MOUNTS		0.00	0.00	0	0	0	0	0.00	13.00	0.00	0.00	09/13/2007	0.00	09/13/2007	09/22/2008	-29	02/19/2014	430644	0	675.00	01/01/0001	675.00	29.00						
WATERFILL01	WATERFILL	WATER FILL TIRES.					MOUNTS		0.00	0.00	0	0	0	0	0.00	13.00	0.00	0.00		0.00		09/22/2008	-2	02/19/2014	326734	0	60.00	01/01/0001	60.00	2.00						
WBTLM10	W	WEIGHTBTLM 10							0.00	0.00	0	0	0	0	0.00	13.00	0.00	0.00		0.00		10/29/2009	0	02/19/2014	0	0	0.00	01/01/0001	0.00	0.00						
WBTLM2	W	WEIGHTBTLM 2							0.00	0.00	0	0	0	0	0.00	13.00	0.00	0.00		0.00		10/29/2009	-3	02/19/2014	458736	0	133.93	01/01/0001	133.93	8.00						
WBTLM3	W	WEIGHTBTLM 3.00							0.00	0.00	0	0	0	0	0.00	13.00	0.00	0.00		0.00		10/29/2009	-3	02/19/2014	458736	0	139.31	01/01/0001	139.31	7.00						
WBTLM4	W	WEIGHTBTLM 4.00							0.00	0.00	0	0	0	0	0.00	13.00	0.00	0.00		0.00		10/29/2009	-2	02/19/2014	458736	0	83.00	01/01/0001	83.00	4.00						
WBTLM6	W	WEIGHTBTLM 6.00							0.00	0.00	0	0	0	0	0.00	13.00	0.00	0.00		0.00		10/29/2009	-4	02/19/2014	458736	0	127.51	01/01/0001	127.51	5.00						
WBTLM8	W	WEIGHTBTLM 8.00							0.00	0.00	0	0	0	0	0.00	13.00	0.00	0.00		0.00		10/29/2009	-1	02/19/2014	458736	0	149.00	01/01/0001	149.00	4.00						
WEIGHTS	TL.75	WEIGHTS TL.75							0.00	0.00	50	0	0	5	3.72	50.00	5.58	6.00		5.95		06/27/2009	50	06/27/2009	0	0	0.00	01/01/0001	0.00	0.00						
WESTLAKE 10	10R22.5	WESTLAKE 10R22.5 HWY-RIB 950		ACME		134769	NEW TIRES		0.00	0.00	2	0	2	0	247.84	13.00	280.05	250.00	05/02/2014	230.00	05/02/2014	01/14/2015	5	01/17/2015	456799	12526	42795.00	01/01/0001	6464.82	169.00						
WESTLAKE 12	SOLDOUT	WESTLAKE 11R22.5 TRL CR915 14P		TYRES		1347916	NEW TIRES		0.00	0.00	0	0	0	0	197.18	13.00	222.81	245.00	05/02/2014	225.00	05/02/2014	11/07/2014	0	01/17/2015	453514	11489	58865.00	01/01/0001	9450.82	221.00						
WESTLAKE 215	SOLDOUT	WESTLAKE 215/75R17.5 RIB 976A		TYRES		1347987	NEW TIRES		0.00	0.00	0	-4	0	0	123.83	13.00	139.93	160.00	03/28/2013	140.00	03/28/2013	03/28/2013	0	11/11/2013	427246	9957	9430.00	01/01/0001	1770.28	60.00						
WESTLAKE 22	SOLDOUT	WESTLAKE 11R22.5 CR989 HWY 14P		TYRES		1347978	NEW TIRES		0.00	0.00	0	0	0	0	235.78	13.00	266.43	290.00	09/06/2012	270.00	09/06/2012	12/04/2012	0	11/11/2013	420570	9020	49094.00	01/01/0001	3392.51	218.00						
WESTLAKE 22.5	SOLDOUT	WESTLAKE 11R22.5 LUG 983 14PR		TYRES		1347954	NEW TIRES		0.00	0.00	0	0	0	0	254.58	13.00	287.68	305.00	09/06/2012	290.00	09/06/2012	12/04/2012	0	11/11/2013	407671	9020	127921.84	01/01/0001	18474.57	506.00						
WESTLAKE 24 LHS	SOLDOUT	WESTLAKE 11R24.5 CR989 HWY 14P		TYRES		1347980	NEW TIRES		0.00	0.00	0	0	0	0	253.39	13.00	286.33	295.00	11/08/2013	275.00	11/08/2013	02/26/2013	0	01/21/2014	430036	9020	12960.00	01/01/0001	1874.16	48.00						
WESTLAKE 24.5	SOLDOUT	WESTLAKE 11R24.5 LUG 983 14PR		TYRES		1347955	NEW TIRES		0.00	0.00	0	0	0	0	228.60	13.00	258.31	280.00	07/16/2010	260.00	07/16/2010	06/08/2011	0	11/11/2013	361165	4866	14925.00	01/01/0001	1209.00	60.00						
WESTLAKE 245	SOLDOUT	WESTLAKE 245/70R19.5 RIB 976A		TYRES		1347989	NEW TIRES		0.00	0.00	0	0	0	0	155.33	13.00	175.52	193.00	05/07/2013	170.00	11/08/2013	03/06/2014	0	08/19/2014	448231	9957	27921.00	01/01/0001	4745.93	151.00						
WESTLAKE 255	SOLDOUT	WESTLAKE 255/70R22.5 RIB 976A		TYRES		1347972	NEW TIRES		0.00	0.00	0	0	0	0	192.79	13.00	217.85	210.00	11/08/2013	195.00	11/08/2013	03/28/2013	0	01/24/2014	433239	9957	49780.00	01/01/0001	7877.92	222.00						
WESTLAKE 315	SOLDOUT	WESTLAKE 315/80R22.5 RIB 960		TYRES		1347782	NEW TIRES		0.00	0.00	0	0	0	0	266.01	13.00	300.59	320.00		300.00		06/08/2011	0	11/11/2013	368159	4866	5870.00	01/01/0001	815.81	19.00						
WESTLAKE LP22.5	295/75R22.5	WESTLAKE 295/75R22.5 LUG 983		TYRES		1347957	NEW TIRES		0.00	0.00	73	0	0	0	220.18	13.00	248.80	260.00	11/26/2014	240.00	11/26/2014	11/07/2014	73	02/24/2015	448116	11489	15640.00	01/01/0001	2142.84	62.00						
WESTLAKE20515	175/65R14	DORAL 175/65R17		TYRES			NEW TIRES		0.00	0.00	0	0	0	0	50.96	13.00	57.58	40.00	07/29/2014	40.00	07/29/2014	01/28/2013	1	01/17/2015	458827	9709	1566.00	01/01/0001	292.00	25.00						
WESTLAKE225	225/70R19.5	WESTLAKE 225/70R19.5 12P R960		TYRES		1347997	NEW TIRES		0.00	0.00	0	0	0	0	107.32	13.00	121.27	150.00	05/02/2014	130.00	05/01/2014	12/30/2014	0	02/19/2015	452723	11489	12320.00	01/01/0001	3627.08	81.00						
WESTLAKE385	385/65R22.5	WESTLAKE 385/65R22.5 18P CR976		TYRES		1347976	NEW TIRES		0.00	0.00	1	0	0	0	354.84	13.00	400.96	355.00	07/18/2013	355.00	07/18/2013	07/31/2014	1	02/11/2015	434386	9020	8305.00	01/01/0001	143.68	23.00						
WESTLAKE425	SOLDOUT	WESTLAKE 425/65R22.5 20P CR976		TYRES		1347943	NEW TIRES		0.00	0.00	0	0	0	0	421.03	13.00	475.76	510.00	02/13/2013	475.00	04/05/2013	02/26/2013	1	03/28/2014	440259	9020	10795.00	01/01/0001	1532.34	22.00						
WESTLAKE9	9R22.5	WESTLAKE 9R22.5 CR950 14PR HW		ACME			NEW TIRES		0.00	0.00	0	0	0	0	227.35	13.00	256.90	275.00	10/14/2010	255.00	10/14/2010	11/14/2012	0	01/17/2015	412800	9374	550.00	01/01/0001	95.30	2.00						
WESTLAKE983	285/75R24.5	WESTLKE 285/75R24.5 C983 LUG14		TYRES			NEW TIRES		0.00	0.00	1	0	0	0	261.38	13.00	295.35	275.00	10/03/2014	255.00	10/03/2014	11/07/2014	1	01/17/2015	440804	9957	20503.00	01/01/0001	2729.16	68.00						
WESTLAKE989	SOLDOUT	WESTLKE 285/75R24.5 CR989 HW14		TYRES			NEW TIRES		0.00	0.00	0	0	0	0	247.98	13.00	280.22	300.00	03/21/2011	285.00	03/21/2011	02/26/2013	0	11/11/2013	413675	9020	4643.88	01/01/0001	676.20	16.00						
WHEEL	TL.25	WEIGHTS TL.25							0.00	0.00	46	0	0	5	2.22	50.00	3.33	0.00		3.55		06/27/2009	50	06/27/2009	383743	0	8.00	01/01/0001	-0.88	4.00						
WHEEL PROGRAM	WHEEL PROGRAM	MOUNT & DISMOUNT + BALANCE					MOUNTS		0.00	0.00	0	0	0	0	9.00	13.00	10.17	14.00	04/01/2011	14.00	04/01/2011	10/28/2011	-2322	02/12/2015	403741	0	31044.00	01/01/0001	10146.00	2322.00						
WHEEL PROGRAM.	WHEEL PROGRAM	MOUNT+DISMOUNT+BALANCE 22.5 UP					MOUNTS		0.00	0.00	0	0	0	0	0.00	13.00	0.00	32.00	10/14/2010	32.00	10/14/2010	10/28/2011	-151	02/12/2015	400438	0	4832.00	01/01/0001	4832.00	151.00						
WHEEL PROGRAM01	WHEEL PROGRAM	MOUNT+DISMOUNT+BALANCE 17inch UP					MOUNTS		0.00	0.00	0	0	0	0	14.00	13.00	15.82	28.00		28.00		10/28/2011	-264	02/12/2015	402041	0	7378.00	01/01/0001	3682.00	264.00						
WHEEL00	RHIN	RHIN NEW					RHINS		0.00	0.00	0	-1	0	0	0.00	13.00	0.00	0.00		0.00		10/23/2013	0	10/23/2013	458015	0	268.00	01/01/0001	268.00	5.00						
WHEEL01	RHIN	RHIN 22.5		M&B			RHINS		0.00	0.00	0	0	0	0	61.00	13.00	68.93	80.00	10/12/2007	71.00	10/12/2007	10/28/2011	-242	03/15/2013	451945	893	27307.55	05/13/2007	2757.55	396.00						
WHEEL02	RHIN	RHIN 24.5					RHINS		0.00	0.00	0	0	0	0	53.00	13.00	59.89	70.00		60.00		10/28/2011	-15	03/15/2013	437174	0	1130.95	05/13/2007	-35.05	22.00						
WHEEL03	RHIN	RHIN SUPER SINGLE					RHINS		0.00	0.00	0	0	0	0	210.00	13.00	237.30	250.00		230.00		10/28/2011	-6	03/15/2013	449594	0	1913.00	05/13/2007	653.00	6.00						
WHEEL04	WHEEL	WHEEL 22.5 STANDARD		TREADWAYS			RHINS		0.00	0.00	8	0	0	0	62.82	13.00	70.98	105.00	10/16/2008	90.00	10/16/2008	10/28/2011	8	02/12/2015	457442	246	21541.00	05/13/2007	6922.04	232.00						
WHEEL05	WHEEL	WHEEL 24.5 STANDARD		TREADWAYS			RHINS		0.00	0.00	10	0	0	0	74.18	13.00	83.82	109.00	10/16/2008	99.00	10/16/2008	10/28/2011	10	02/12/2015	456473	3420	1731.00	05/13/2007	276.74	18.00						
WHEEL06	WHEEL	WHEEL 22.5 METRICO		TREADWAYS			RHINS		0.00	0.00	0	1	0	0	59.04	13.00	66.71	105.00	10/16/2008	90.00	10/16/2008	03/06/2014	-54	02/12/2015	458036	11290	78187.00	05/13/2007	21307.21	884.00						
WHEEL07	WHEEL	WHEEL 24.5 METRICO		TREADWAYS			RHINS		0.00	0.00	54	0	0	0	67.48	13.00	76.25	109.00	10/16/2008	99.00	10/16/2008	10/28/2011	54	02/12/2015	454139	246	12928.00	05/13/2007	3047.60	134.00						
WHEEL09	WHEEL	22.5 METRICO ALUMINUM					RHINS		0.00	0.00	2	0	0	0	209.00	13.00	236.17	270.00		240.00		10/28/2011	2	02/12/2015	456856	0	14655.00	01/01/0001	5668.00	43.00						
WHEEL16	WHEEL	WHEEL 16x5.5 8H-BOBCAT		MITCO			RHINS		0.00	0.00	0	0	0	0	124.06	13.00	140.18	160.00		150.00		10/28/2011	0	02/12/2015	368714	2972	600.00	01/01/0001	-20.30	5.00						
WHEEL24	WHEEL	Wheel 16.5x9.75 Skidsteer					RHINS		0.00	0.00	0	0	0	0	65.00	13.00	73.45	105.00		95.00		10/28/2011	0	02/12/2015	421591	0	1720.00	01/01/0001	550.00	18.00						
WHEEL45	WHEEL	WHEEL 24x9 STEEL					NEW TIRES		0.00	0.00	0	0	0	0	280.00	13.00	316.40	350.00		350.00		10/28/2011	-16	02/12/2015	391609	0	1100.00	01/01/0001	-20.00	4.00						
WHEEL54	WHEEL	WHEEL 13.00x25 10 BAR		MAIN			RHINS		0.00	0.00	0	0	0	0	1150.00	13.00	1299.50	1500.00	10/14/2010	1395.00	10/14/2010	04/25/2014	2	02/12/2015	458534	11458	9960.00	01/01/0001	305.00	8.00						
WHEELCLAMP	PARTS	WHEEL CLAMP:DEMOUNTABLE WHEEL					NEW TIRES		0.00	0.00	0	0	0	0	2.55	13.00	2.88	5.00	07/29/2011	5.00	07/29/2011	10/03/2011	0	12/04/2007	416382	0	305.25	01/01/0001	136.95	66.00						
WHEIGHTS.25	TL.25	WHEIGHTS TL.25	50						0.00	0.00	50	0	0	5	2.22	50.00	3.33	4.00		3.55		06/27/2009	50	06/27/2009	0	0	0.00	01/01/0001	0.00	0.00						
YOK023	295/75R22.5	YOK 295/75R22.5 RY023 14PR		YOKOHA		02396	NEW TIRES		0.00	0.00	0	0	0	0	403.46	13.00	455.90	445.00	03/20/2013	420.00	03/20/2013	11/07/2014	0	02/24/2015	426983	8948	0.00	01/01/0001	-403.46	1.00						
YOK08	285/75R24.5	YOK 285/75R24.5 TY517 14P		YOKOHA			NEW TIRES		0.00	0.00	0	0	0	0	405.37	13.00	458.06	465.00	03/20/2013	440.00	03/20/2013	11/07/2014	0	01/17/2015	444798	11119	225843.24	05/13/2007	11851.06	684.00	DRIVE					
YOK16	295/75R22.5	YOK 295/75R22.5 TY517 LRG		YOKOHA			NEW TIRES		0.00	0.00	0	0	0	0	413.81	13.00	467.60	480.00	03/20/2013	435.00	07/15/2013	11/07/2014	0	02/24/2015	442915	8717	139426.58	05/13/2007	10593.04	421.00	DRIVE					
YOK1800	1800-25	YOKOHAMA 1800-25 Y69E L4S		YOKOHA		06915	NEW TIRES		0.00	0.00	4	0	0	0	3450.00	13.00	3898.50	4200.00	08/13/2013	3900.00	08/13/2013	01/17/2014	4	02/04/2015	457175	11104	51820.00	01/01/0001	-8380.00	20.00						
YOK23	11R22.5	YOKOHAMA 11R22.5 RY023 LRG		YOKOHA			NEW TIRES		0.00	0.00	1	-2	0	0	379.73	13.00	429.09	430.00	07/12/2013	405.00	07/12/2013	02/11/2015	1	02/09/2015	429497	9136	209080.56	01/01/0001	26972.72	779.00						
YOK26	11R22.5	YOKOHAMA 11R22.5 RY617 14PR		YOKOHA			NEW TIRES		0.00	0.00	0	-2	0	0	387.42	13.00	437.78	455.00	03/20/2013	430.00	03/20/2013	02/11/2015	0	02/09/2015	441528	11119	260530.39	05/13/2007	9616.83	877.00	STEER					
YOK53	11R24.5	YOK 11R24.5 T517 14P		FALCON			NEW TIRES		0.00	0.00	0	0	0	0	409.39	13.00	462.61	490.00	03/20/2013	460.00	03/20/2013	01/08/2015	0	01/21/2015	454022	12414	108355.00	05/13/2007	-275.73	362.00	DRIVE					
YOK56	295/75R22.5	YOK 29575R225 RY617 14P		YOKOHA			NEW TIRES		0.00	0.00	0	-6	0	0	382.24	13.00	431.93	480.00	04/09/2012	435.00	07/15/2013	11/07/2014	0	02/24/2015	442516	11119	316258.68	05/13/2007	35392.72	975.00	STEER					
YOK58	285/75R24.5	YOK 285/75R24.5 RY617 14P		YOKOHA			NEW TIRES		0.00	0.00	0	0	0	0	392.36	13.00	443.36	460.00	03/20/2013	435.00	03/20/2013	11/07/2014	0	01/17/2015	447948	11119	200911.02	05/13/2007	13867.14	618.00	STEER					
YOK69	SOLDOUT	YOKOHAMA 11R22.5 TY527 14PR		YOKOHA			NEW TIRES		0.00	0.00	0	0	0	0	460.98	13.00	520.91	460.00	11/18/2013	440.00	11/18/2013	11/07/2014	0	01/17/2015	447396	9223	20010.00	01/01/0001	1008.21	43.00						
YOK70	11R22.5	YOKOHAMA 11R22.5 TY517 14P		YOKOHA			NEW TIRES		0.00	0.00	0	0	0	0	400.36	13.00	452.40	460.00	03/20/2013	435.00	03/20/2013	02/11/2015	0	02/09/2015	449991	11119	154500.40	05/13/2007	-18679.91	568.00	DRIVE					
YOK72	29.5-25	YOKOHAMA 29.5-25 Y524 L5 28PR		YOKOHA		52431	NEW TIRES		0.00	0.00	0	0	0	0	4845.00	13.00	5474.85	5424.00	10/17/2013	5424.00	10/17/2013	03/31/2014	0	01/17/2015	441205	11385	25200.00	01/01/0001	-17034.04	10.00						
YOK74	11R24.5	YOK 11R24.5 RY617  LRG		YOKOHA			NEW TIRES		0.00	0.00	0	0	0	0	432.52	13.00	488.74	475.00	03/20/2013	450.00	03/20/2013	01/08/2015	0	01/21/2015	452966	8948	100005.00	05/13/2007	5587.72	304.00	STEER					
YOK77	11R22.5	YOKOHAMA 11R22.5 101ZL 14PR		YOKOHA			NEW TIRES		0.00	0.00	2	0	0	0	438.93	13.00	495.99	465.00	11/18/2013	445.00	11/18/2013	02/11/2015	2	02/09/2015	450912	8377	15064.54	01/01/0001	-301.17	43.00						
YOK89	11R24.5	YOK 11R24.5 TY527 14PR		YOKOHA			NEW TIRES		0.00	0.00	1	0	0	0	505.07	13.00	570.72	490.00	11/18/2013	470.00	11/18/2013	01/08/2015	1	01/21/2015	454055	6957	5870.00	01/01/0001	-6696.89	35.00						
YOK95	295/75R22.5	YOK 295/75R22.5 TY577 14P		YOKOHA			NEW TIRES		0.00	0.00	0	0	0	0	442.00	13.00	499.46	490.00	07/15/2013	455.00	07/15/2013	11/07/2014	0	02/24/2015	443408	8275	2000.00	01/01/0001	-6840.00	20.00						
YOKO0001	SOLDOUT	YOKOHAMA 215/85R16 Y788 10PR		YOKOHA			NEW TIRES		0.00	0.00	0	0	0	0	163.81	13.00	185.11	165.00	05/07/2013	165.00	05/07/2013	06/09/2014	0	01/29/2015	438921	9309	11386.00	01/01/0001	317.68	84.00						
YOKOHAMA14	1400-24	YOKOHAMA 1400-24 Y69E 30PR L4S		YOKOHA		06914	NEW TIRES		0.00	0.00	2	0	0	0	2022.33	13.00	2285.23	2430.00	12/10/2012	2285.00	12/10/2012	10/21/2014	2	01/17/2015	0	12205	0.00	01/01/0001	0.00	0.00						
ZEETEX01	SOLDOUT	ZEETEX 1800-33 E4 36PR		ZAFCO			NEW TIRES		0.00	0.00	0	0	0	0	1750.00	13.00	1977.50	2500.00	03/16/2011	2300.00	01/24/2014	09/12/2013	0	07/27/2014	438303	10597	19700.00	01/01/0001	-13550.00	19.00						
ZEETEX23	23.5-25	ZEETEX 23.5-25 20PR E3-L3		ZAFCO		1200011626	NEW TIRES		0.00	0.00	1	0	0	0	961.88	13.00	1086.92	1200.00	05/07/2013	1100.00	05/07/2013	12/30/2014	1	11/09/2014	442461	10311	11200.00	01/01/0001	2543.08	9.00						
ZEETEX26	26.5-25	OTANI 26.5-25 24PR E3-L3		FOREIGN		R-55L-3TLS	NEW TIRES		0.00	0.00	0	0	0	0	1623.13	13.00	1834.14	2200.00	11/08/2013	2100.00	06/18/2014	11/26/2014	0	09/22/2014	455623	12357	32590.00	01/01/0001	6467.20	15.00						